
	<record xmlns="http://www.loc.gov/MARC21/slim">
		<leader>04708nam a22006735i 4500</leader>
		<controlfield tag="001">9781501503856</controlfield>
		<controlfield tag="003">DE-B1597</controlfield>
		<controlfield tag="005">20180327123002.0</controlfield>
		<controlfield tag="006">m|||||o||d||||||||</controlfield>
		<controlfield tag="007">cr || ||||||||</controlfield>
		<controlfield tag="008">180327s2017    gw     fo  d z      eng d</controlfield>
		<datafield tag="020" ind1=" " ind2=" ">
			<subfield code="a">9781501503856</subfield>
		</datafield>
		<datafield tag="024" ind1="7" ind2=" ">
			<subfield code="a">10.1515/9781501511776</subfield>
			<subfield code="2">doi</subfield>
		</datafield>
		<datafield tag="035" ind1=" " ind2=" ">
			<subfield code="a">(DE-B1597)460735</subfield>
		</datafield>
		<datafield tag="040" ind1=" " ind2=" ">
			<subfield code="a">DE-B1597</subfield>
			<subfield code="b">eng</subfield>
			<subfield code="c">DE-B1597</subfield>
			<subfield code="e">rda</subfield>
		</datafield>
		<datafield tag="041" ind1="0" ind2=" ">
			<subfield code="a">eng</subfield>
		</datafield>
		<datafield tag="044" ind1=" " ind2=" ">
			<subfield code="a">gw</subfield>
			<subfield code="c">DE</subfield>
		</datafield>
		<datafield tag="072" ind1=" " ind2="7">
			<subfield code="a">LAN009000</subfield>
			<subfield code="2">bisacsh</subfield>
		</datafield>
		<datafield tag="245" ind1="0" ind2="0">
			<subfield code="a">English as a Lingua Franca in Teacher Education :</subfield>
			<subfield code="b">A Brazilian Perspective /</subfield>
			<subfield code="c">Telma Gimenez, Michele Salles El Kadri, Luciana Cabrini Simões Calvo.</subfield>
		</datafield>
		<datafield tag="264" ind1=" " ind2="1">
			<subfield code="a">Berlin ;Boston : </subfield>
			<subfield code="b">De Gruyter Mouton, </subfield>
			<subfield code="c">[2017]</subfield>
		</datafield>
		<datafield tag="264" ind1=" " ind2="4">
			<subfield code="c">©2018</subfield>
		</datafield>
		<datafield tag="300" ind1=" " ind2=" ">
			<subfield code="a">1 online resource (242 p.)</subfield>
		</datafield>
		<datafield tag="336" ind1=" " ind2=" ">
			<subfield code="a">text</subfield>
			<subfield code="b">txt</subfield>
			<subfield code="2">rdacontent</subfield>
		</datafield>
		<datafield tag="337" ind1=" " ind2=" ">
			<subfield code="a">computer</subfield>
			<subfield code="b">c</subfield>
			<subfield code="2">rdamedia</subfield>
		</datafield>
		<datafield tag="338" ind1=" " ind2=" ">
			<subfield code="a">online resource</subfield>
			<subfield code="b">cr</subfield>
			<subfield code="2">rdacarrier</subfield>
		</datafield>
		<datafield tag="347" ind1=" " ind2=" ">
			<subfield code="a">text file</subfield>
			<subfield code="b">PDF</subfield>
			<subfield code="2">rda</subfield>
		</datafield>
		<datafield tag="490" ind1="0" ind2=" ">
			<subfield code="a">Developments in English as a Lingua Franca [DELF] ;</subfield>
			<subfield code="v">10</subfield>
		</datafield>
		<datafield tag="505" ind1="0" ind2="0">
			<subfield code="t">Frontmatter -- </subfield>
			<subfield code="t">Contents -- </subfield>
			<subfield code="t">Introduction / </subfield>
			<subfield code="r">Gimenez, Telma / Kadri, Michele Salles El / Calvo, Luciana Cabrini Simões -- </subfield>
			<subfield code="t">Part I: Conceptualizing English as a global lingua franca in teacher education -- </subfield>
			<subfield code="t">Global Englishes, local histories / </subfield>
			<subfield code="r">Zacchi, Vanderlei J. -- </subfield>
			<subfield code="t">Globalization and the global spread of English: Concepts and implications for teacher education / </subfield>
			<subfield code="r">Figueiredo, Eduardo H. Diniz de -- </subfield>
			<subfield code="t">English as a lingua franca and critical literacy in teacher education: Shaking off some “good old” habits / </subfield>
			<subfield code="r">Jordão, Clarissa Menezes / Marques, Anderson Nalevaiko -- </subfield>
			<subfield code="t">Part II: Teachers and learners’ beliefs about ELF -- </subfield>
			<subfield code="t">English as a global language in Brazil: A local contribution / </subfield>
			<subfield code="r">Finardi, Kyria Rebeca -- </subfield>
			<subfield code="t">English as a lingua franca and teacher education: Critical educators for an intercultural world / </subfield>
			<subfield code="r">Siqueira, Sávio -- </subfield>
			<subfield code="t">Teachers’ and student-teachers’ perceptions of English as a lingua franca (ELF) and the teaching of culture in the language classroom / </subfield>
			<subfield code="r">Berredo, Gustavo / Gil, Gloria -- </subfield>
			<subfield code="t">English as a Lingua Franca: Representations and practices of English learners and teachers in Brazil / </subfield>
			<subfield code="r">Filho, Jeová Araújo Rosa / Volpato, Mayara / Gil, Gloria -- </subfield>
			<subfield code="t">Part III: ELF in teacher education programs -- </subfield>
			<subfield code="t">The ELF teacher education: Contributions from postmodern studies / </subfield>
			<subfield code="r">Duboc, Ana Paula Martinez -- </subfield>
			<subfield code="t">The concept of ELF and English teachers’ education: What to expect from this relationship? / </subfield>
			<subfield code="r">Porfirio, Lucielen -- </subfield>
			<subfield code="t">Awareness raising about English as a lingua franca in two Brazilian teacher education programs / </subfield>
			<subfield code="r">Gimenez, Telma / Kadri, Michele Salles El / Calvo, Luciana Cabrini Simões -- </subfield>
			<subfield code="t">Notes on contributors -- </subfield>
			<subfield code="t">Index</subfield>
		</datafield>
		<datafield tag="520" ind1=" " ind2=" ">
			<subfield code="a">A lingua franca perspective into English language teaching in Brazil has only recently take flight. As an emerging economy, the country faces enormous challenges when it comes to language education in schools, where English has traditionally been taught as a foreign language. This collection brings the perspectives of academics and language practitioners in their efforts to incorporate an ELF approach into teacher education, thus offering a voice sorely missed in the international community interested in developing new approaches to English in a global world. </subfield>
		</datafield>
		<datafield tag="538" ind1=" " ind2=" ">
			<subfield code="a">Mode of access: Internet via World Wide Web.</subfield>
		</datafield>
		<datafield tag="546" ind1=" " ind2=" ">
			<subfield code="a">In English.</subfield>
		</datafield>
		<datafield tag="588" ind1="0" ind2=" ">
			<subfield code="a">Description based on online resource; title from PDF title page (publisher's Web site, viewed 27. Mrz 2018)</subfield>
		</datafield>
		<datafield tag="650" ind1=" " ind2="4">
			<subfield code="a">ELF in Brazil.</subfield>
		</datafield>
		<datafield tag="650" ind1=" " ind2="4">
			<subfield code="a">Englisch.</subfield>
		</datafield>
		<datafield tag="650" ind1=" " ind2="4">
			<subfield code="a">Global English.</subfield>
		</datafield>
		<datafield tag="650" ind1=" " ind2="4">
			<subfield code="a">Language Teaching.</subfield>
		</datafield>
		<datafield tag="650" ind1=" " ind2="4">
			<subfield code="a">Teacher Education.</subfield>
		</datafield>
		<datafield tag="700" ind1="1" ind2=" ">
			<subfield code="a">Cabrini Simões Calvo, Luciana, </subfield>
			<subfield code="e">editor.</subfield>
		</datafield>
		<datafield tag="700" ind1="1" ind2=" ">
			<subfield code="a">Gimenez, Telma, </subfield>
			<subfield code="e">editor.</subfield>
		</datafield>
		<datafield tag="700" ind1="1" ind2=" ">
			<subfield code="a">Salles El Kadri, Michele, </subfield>
			<subfield code="e">editor.</subfield>
		</datafield>
		<datafield tag="773" ind1="0" ind2="8">
			<subfield code="i">Title is part of eBook package:</subfield>
			<subfield code="d">De Gruyter</subfield>
			<subfield code="t">EBOOK PACKAGE COMPLETE 2017</subfield>
			<subfield code="z">9783110540550</subfield>
			<subfield code="o">ZDB-23-DGG</subfield>
		</datafield>
		<datafield tag="773" ind1="0" ind2="8">
			<subfield code="i">Title is part of eBook package:</subfield>
			<subfield code="d">De Gruyter</subfield>
			<subfield code="t">EBOOK PACKAGE Linguistics 2017</subfield>
			<subfield code="z">9783110547887</subfield>
			<subfield code="o">ZDB-23-DSP</subfield>
		</datafield>
		<datafield tag="776" ind1="0" ind2=" ">
			<subfield code="c">EPUB</subfield>
			<subfield code="z">978-1-5015-0379-5</subfield>
		</datafield>
		<datafield tag="776" ind1="0" ind2=" ">
			<subfield code="c">print</subfield>
			<subfield code="z">9781501511776</subfield>
		</datafield>
		<datafield tag="856" ind1="4" ind2="0">
			<subfield code="u">https://www.degruyter.com/doi/book/10.1515/9781501511776</subfield>
		</datafield>
		<datafield tag="856" ind1="4" ind2="2">
			<subfield code="3">Cover</subfield>
			<subfield code="u">https://www.degruyter.com/doc/cover/9781501503856.jpg</subfield>
		</datafield>
		<datafield tag="912" ind1=" " ind2=" ">
			<subfield code="a">GBV-deGruyter-alles</subfield>
		</datafield>
		<datafield tag="912" ind1=" " ind2=" ">
			<subfield code="a">GBV-deGruyter-PDA11SSHE</subfield>
		</datafield>
		<datafield tag="912" ind1=" " ind2=" ">
			<subfield code="a">GBV-deGruyter-PDA13ENGE</subfield>
		</datafield>
		<datafield tag="912" ind1=" " ind2=" ">
			<subfield code="a">GBV-deGruyter-PDA14ALL</subfield>
		</datafield>
		<datafield tag="912" ind1=" " ind2=" ">
			<subfield code="a">GBV-deGruyter-PDA16SSH</subfield>
		</datafield>
		<datafield tag="912" ind1=" " ind2=" ">
			<subfield code="a">GBV-deGruyter-PDA17SSHEE</subfield>
		</datafield>
		<datafield tag="912" ind1=" " ind2=" ">
			<subfield code="a">GBV-deGruyter-PDA1ALL</subfield>
		</datafield>
		<datafield tag="912" ind1=" " ind2=" ">
			<subfield code="a">GBV-deGruyter-PDA2</subfield>
		</datafield>
		<datafield tag="912" ind1=" " ind2=" ">
			<subfield code="a">GBV-deGruyter-PDA2HUM</subfield>
		</datafield>
		<datafield tag="912" ind1=" " ind2=" ">
			<subfield code="a">GBV-deGruyter-PDA5EBK</subfield>
		</datafield>
		<datafield tag="912" ind1=" " ind2=" ">
			<subfield code="a">GBV-deGruyter-PDA7ENG</subfield>
		</datafield>
		<datafield tag="912" ind1=" " ind2=" ">
			<subfield code="a">ZDB-23-DGG</subfield>
			<subfield code="b">2017</subfield>
		</datafield>
		<datafield tag="912" ind1=" " ind2=" ">
			<subfield code="a">ZDB-23-DSP</subfield>
			<subfield code="b">2017</subfield>
		</datafield>
	</record>