
	<record xmlns="http://www.loc.gov/MARC21/slim">
		<leader>04629nam a22006255i 4500</leader>
		<controlfield tag="001">9783035609936</controlfield>
		<controlfield tag="003">DE-B1597</controlfield>
		<controlfield tag="005">20180327123002.0</controlfield>
		<controlfield tag="006">m|||||o||d||||||||</controlfield>
		<controlfield tag="007">cr || ||||||||</controlfield>
		<controlfield tag="008">180327s2018    sz     fo  d z      ger d</controlfield>
		<datafield tag="020" ind1=" " ind2=" ">
			<subfield code="a">9783035609936</subfield>
		</datafield>
		<datafield tag="024" ind1="7" ind2=" ">
			<subfield code="a">10.1515/9783035609936</subfield>
			<subfield code="2">doi</subfield>
		</datafield>
		<datafield tag="035" ind1=" " ind2=" ">
			<subfield code="a">(DE-B1597)473498</subfield>
		</datafield>
		<datafield tag="040" ind1=" " ind2=" ">
			<subfield code="a">DE-B1597</subfield>
			<subfield code="b">eng</subfield>
			<subfield code="c">DE-B1597</subfield>
			<subfield code="e">rda</subfield>
		</datafield>
		<datafield tag="041" ind1="0" ind2=" ">
			<subfield code="a">ger</subfield>
		</datafield>
		<datafield tag="044" ind1=" " ind2=" ">
			<subfield code="a">sz</subfield>
			<subfield code="c">CH</subfield>
		</datafield>
		<datafield tag="072" ind1=" " ind2="7">
			<subfield code="a">ARC009000</subfield>
			<subfield code="2">bisacsh</subfield>
		</datafield>
		<datafield tag="072" ind1=" " ind2="7">
			<subfield code="a">ARC015000</subfield>
			<subfield code="2">bisacsh</subfield>
		</datafield>
		<datafield tag="082" ind1="0" ind2="4">
			<subfield code="a">720</subfield>
		</datafield>
		<datafield tag="100" ind1="1" ind2=" ">
			<subfield code="a">Ece, Nurgül,</subfield>
			<subfield code="e">author.</subfield>
		</datafield>
		<datafield tag="245" ind1="1" ind2="0">
			<subfield code="a">Baubiologie :</subfield>
			<subfield code="b">Kriterien und architektonische Gestaltung /</subfield>
			<subfield code="c">Nurgül Ece.</subfield>
		</datafield>
		<datafield tag="264" ind1=" " ind2="1">
			<subfield code="a">Basel : </subfield>
			<subfield code="b">Birkhäuser, </subfield>
			<subfield code="c">[2018]</subfield>
		</datafield>
		<datafield tag="264" ind1=" " ind2="4">
			<subfield code="c">©2018</subfield>
		</datafield>
		<datafield tag="300" ind1=" " ind2=" ">
			<subfield code="a">1 online resource </subfield>
		</datafield>
		<datafield tag="336" ind1=" " ind2=" ">
			<subfield code="a">text</subfield>
			<subfield code="b">txt</subfield>
			<subfield code="2">rdacontent</subfield>
		</datafield>
		<datafield tag="337" ind1=" " ind2=" ">
			<subfield code="a">computer</subfield>
			<subfield code="b">c</subfield>
			<subfield code="2">rdamedia</subfield>
		</datafield>
		<datafield tag="338" ind1=" " ind2=" ">
			<subfield code="a">online resource</subfield>
			<subfield code="b">cr</subfield>
			<subfield code="2">rdacarrier</subfield>
		</datafield>
		<datafield tag="347" ind1=" " ind2=" ">
			<subfield code="a">text file</subfield>
			<subfield code="b">PDF</subfield>
			<subfield code="2">rda</subfield>
		</datafield>
		<datafield tag="505" ind1="0" ind2="0">
			<subfield code="t">Frontmatter -- </subfield>
			<subfield code="t">Inhalt -- </subfield>
			<subfield code="t">Vorwort -- </subfield>
			<subfield code="t">Ein Buch über Baubiologie -- </subfield>
			<subfield code="t">Einführung in die Baubiologie -- </subfield>
			<subfield code="t">Das Leuchtturmprojekt der Baubiologie -- </subfield>
			<subfield code="t">Wohnbauten -- </subfield>
			<subfield code="t">Fachwerkhaus Haingraben Liederbach am Taunus, Deutschland -- </subfield>
			<subfield code="t">Wohn- und Werkstattgebäude in einer alten Torfremise Schechen, Deutschland -- </subfield>
			<subfield code="t">Haus Ritter-Reumiller Andelsbuch, Österreich -- </subfield>
			<subfield code="t">Strohhaus Dornbirn, Österreich -- </subfield>
			<subfield code="t">Casa C Reckingen, Schweiz -- </subfield>
			<subfield code="t">Haus für Julia und Björn Egg, Österreich -- </subfield>
			<subfield code="t">Haus aus Holz Neumarkt in der Oberpfalz, Deutschland -- </subfield>
			<subfield code="t">Maison Marly Marly-le-Roi, Frankreich -- </subfield>
			<subfield code="t">Designhaus Haussicht Erkheim, Deutschland -- </subfield>
			<subfield code="t">Öffentliche Bauten -- </subfield>
			<subfield code="t">De Potgieter School Amsterdam, Niederlande -- </subfield>
			<subfield code="t">Erweiterung Friedensschule und Feuerwache Schwäbisch Gmünd, Deutschland -- </subfield>
			<subfield code="t">RHS Peter Buckley Learning Centre Rosemoor, Devon, England -- </subfield>
			<subfield code="t">Kindertagesstätte Ecolino Pfaffenhofen an der Ilm, Deutschland -- </subfield>
			<subfield code="t">Kinderkrippe Pollenfeld Pollenfeld, Deutschland -- </subfield>
			<subfield code="t">Gewerbliche Bauten -- </subfield>
			<subfield code="t">Herbafarm Bodrum, Türkei -- </subfield>
			<subfield code="t">Hörger Biohotel Tafernwirtschaft Hohenbercha, Deutschland -- </subfield>
			<subfield code="t">Almrefugio Neumarkt in der Oberpfalz, Deutschland -- </subfield>
			<subfield code="t">Casa Salute Margreid, Südtirol – Italien -- </subfield>
			<subfield code="t">Betriebsgebäude Artis Berlin, Deutschland -- </subfield>
			<subfield code="t">Omicron Campus Klaus, Österreich -- </subfield>
			<subfield code="t">Weiterführende Informationen -- </subfield>
			<subfield code="t">25 Grundregeln der Baubiologie -- </subfield>
			<subfield code="t">Wohnbauten Baubiologische Bewertung -- </subfield>
			<subfield code="t">Wohnbauten Baubiologische Bewertung -- </subfield>
			<subfield code="t">Öffentliche Bauten Baubiologische Bewertung -- </subfield>
			<subfield code="t">Gewerbliche Bauten Baubiologische Bewertung -- </subfield>
			<subfield code="t">Bildnachweis -- </subfield>
			<subfield code="t">Dank -- </subfield>
			<subfield code="t">Impressum</subfield>
		</datafield>
		<datafield tag="520" ind1=" " ind2=" ">
			<subfield code="a">Gesundheit und Umweltverträglichkeit stehen im Fokus der Gesellschaft. Das Buch zeigt, wie gebaute Umwelt ästhetisch modern und zugleich gesund und umweltfreundlich sein kann. Es schlägt den Bogen zwischen Architektur als gestalterischer Aufgabe und baubiologischen Denkweisen. Baubiologie ist die Lehre von den ganzheitlichen Wechselbeziehungen des Menschen und seiner gebauten Umwelt. Sie verbindet Baukultur mit Ökologie und Disziplinen wie Chemie, Biologie, Geologie und Psychologie. Am Modell des Instituts für Baubiologie + Nachhaltigkeit (IBN) werden baubiologische Kriterien und Ansätze detailliert erläutert. Zahlreiche weitere aktuelle Projekte verdeutlichen, wie diese in verantwortungsbewusster, gesunder und damit nachhaltiger Architektur umgesetzt sind. </subfield>
		</datafield>
		<datafield tag="538" ind1=" " ind2=" ">
			<subfield code="a">Mode of access: Internet via World Wide Web.</subfield>
		</datafield>
		<datafield tag="546" ind1=" " ind2=" ">
			<subfield code="a">In German.</subfield>
		</datafield>
		<datafield tag="588" ind1="0" ind2=" ">
			<subfield code="a">Description based on online resource; title from PDF title page (publisher's Web site, viewed 27. Mrz 2018)</subfield>
		</datafield>
		<datafield tag="773" ind1="0" ind2="8">
			<subfield code="i">Title is part of eBook package:</subfield>
			<subfield code="d">De Gruyter</subfield>
			<subfield code="t">EBOOK PACKAGE Architecture and Design 2017</subfield>
			<subfield code="z">9783110547719</subfield>
		</datafield>
		<datafield tag="773" ind1="0" ind2="8">
			<subfield code="i">Title is part of eBook package:</subfield>
			<subfield code="d">De Gruyter</subfield>
			<subfield code="t">EBOOK PACKAGE Architecture and Design 2018</subfield>
			<subfield code="z">9783110602999</subfield>
		</datafield>
		<datafield tag="773" ind1="0" ind2="8">
			<subfield code="i">Title is part of eBook package:</subfield>
			<subfield code="d">De Gruyter</subfield>
			<subfield code="t">EBOOK PACKAGE COMPLETE 2018</subfield>
			<subfield code="z">9783110603255</subfield>
			<subfield code="o">ZDB-23-DGG</subfield>
		</datafield>
		<datafield tag="776" ind1="0" ind2=" ">
			<subfield code="c">EPUB</subfield>
			<subfield code="z">978-3-0356-1035-2</subfield>
		</datafield>
		<datafield tag="776" ind1="0" ind2=" ">
			<subfield code="c">print</subfield>
			<subfield code="z">9783035611793</subfield>
		</datafield>
		<datafield tag="856" ind1="4" ind2="0">
			<subfield code="u">https://doi.org/10.1515/9783035609936</subfield>
		</datafield>
		<datafield tag="856" ind1="4" ind2="2">
			<subfield code="3">Cover</subfield>
			<subfield code="u">https://www.degruyter.com/doc/cover/9783035609936.jpg</subfield>
		</datafield>
		<datafield tag="912" ind1=" " ind2=" ">
			<subfield code="a">978-3-11-054771-9  EBOOK PACKAGE Architecture and Design 2017</subfield>
			<subfield code="b">2017</subfield>
		</datafield>
		<datafield tag="912" ind1=" " ind2=" ">
			<subfield code="a">978-3-11-060299-9  EBOOK PACKAGE Architecture and Design 2018</subfield>
			<subfield code="b">2018</subfield>
		</datafield>
		<datafield tag="912" ind1=" " ind2=" ">
			<subfield code="a">GBV-deGruyter-alles</subfield>
		</datafield>
		<datafield tag="912" ind1=" " ind2=" ">
			<subfield code="a">GBV-deGruyter-PDA11SSHE</subfield>
		</datafield>
		<datafield tag="912" ind1=" " ind2=" ">
			<subfield code="a">GBV-deGruyter-PDA12STME</subfield>
		</datafield>
		<datafield tag="912" ind1=" " ind2=" ">
			<subfield code="a">GBV-deGruyter-PDA14ALL</subfield>
		</datafield>
		<datafield tag="912" ind1=" " ind2=" ">
			<subfield code="a">GBV-deGruyter-PDA15STM</subfield>
		</datafield>
		<datafield tag="912" ind1=" " ind2=" ">
			<subfield code="a">GBV-deGruyter-PDA16SSH</subfield>
		</datafield>
		<datafield tag="912" ind1=" " ind2=" ">
			<subfield code="a">GBV-deGruyter-PDA1ALL</subfield>
		</datafield>
		<datafield tag="912" ind1=" " ind2=" ">
			<subfield code="a">GBV-deGruyter-PDA2</subfield>
		</datafield>
		<datafield tag="912" ind1=" " ind2=" ">
			<subfield code="a">GBV-deGruyter-PDA2HUM</subfield>
		</datafield>
		<datafield tag="912" ind1=" " ind2=" ">
			<subfield code="a">GBV-deGruyter-PDA3STM</subfield>
		</datafield>
		<datafield tag="912" ind1=" " ind2=" ">
			<subfield code="a">GBV-deGruyter-PDA5EBK</subfield>
		</datafield>
		<datafield tag="912" ind1=" " ind2=" ">
			<subfield code="a">ZDB-23-DGG</subfield>
			<subfield code="b">2018</subfield>
		</datafield>
	</record>