
	<record xmlns="http://www.loc.gov/MARC21/slim">
		<leader>09697nam a22007095i 4500</leader>
		<controlfield tag="001">9783035611250</controlfield>
		<controlfield tag="003">DE-B1597</controlfield>
		<controlfield tag="005">20180327123002.0</controlfield>
		<controlfield tag="006">m|||||o||d||||||||</controlfield>
		<controlfield tag="007">cr || ||||||||</controlfield>
		<controlfield tag="008">180327s2018    sz     fo  d z      eng d</controlfield>
		<datafield tag="020" ind1=" " ind2=" ">
			<subfield code="a">9783035611250</subfield>
		</datafield>
		<datafield tag="024" ind1="7" ind2=" ">
			<subfield code="a">10.1515/9783035611250</subfield>
			<subfield code="2">doi</subfield>
		</datafield>
		<datafield tag="035" ind1=" " ind2=" ">
			<subfield code="a">(DE-B1597)469852</subfield>
		</datafield>
		<datafield tag="040" ind1=" " ind2=" ">
			<subfield code="a">DE-B1597</subfield>
			<subfield code="b">eng</subfield>
			<subfield code="c">DE-B1597</subfield>
			<subfield code="e">rda</subfield>
		</datafield>
		<datafield tag="041" ind1="0" ind2=" ">
			<subfield code="a">eng</subfield>
		</datafield>
		<datafield tag="044" ind1=" " ind2=" ">
			<subfield code="a">sz</subfield>
			<subfield code="c">CH</subfield>
		</datafield>
		<datafield tag="072" ind1=" " ind2="7">
			<subfield code="a">ARC000000</subfield>
			<subfield code="2">bisacsh</subfield>
		</datafield>
		<datafield tag="072" ind1=" " ind2="7">
			<subfield code="a">ARC024000</subfield>
			<subfield code="2">bisacsh</subfield>
		</datafield>
		<datafield tag="100" ind1="1" ind2=" ">
			<subfield code="a">Wagenaar, Cor,</subfield>
			<subfield code="e">author.</subfield>
		</datafield>
		<datafield tag="245" ind1="1" ind2="0">
			<subfield code="a">Hospitals :</subfield>
			<subfield code="b">A Design Manual /</subfield>
			<subfield code="c">Cor Wagenaar, Noor Mens.</subfield>
		</datafield>
		<datafield tag="264" ind1=" " ind2="1">
			<subfield code="a">Basel : </subfield>
			<subfield code="b">Birkhäuser, </subfield>
			<subfield code="c">[2018]</subfield>
		</datafield>
		<datafield tag="264" ind1=" " ind2="4">
			<subfield code="c">©2018</subfield>
		</datafield>
		<datafield tag="300" ind1=" " ind2=" ">
			<subfield code="a">1 online resource </subfield>
		</datafield>
		<datafield tag="336" ind1=" " ind2=" ">
			<subfield code="a">text</subfield>
			<subfield code="b">txt</subfield>
			<subfield code="2">rdacontent</subfield>
		</datafield>
		<datafield tag="337" ind1=" " ind2=" ">
			<subfield code="a">computer</subfield>
			<subfield code="b">c</subfield>
			<subfield code="2">rdamedia</subfield>
		</datafield>
		<datafield tag="338" ind1=" " ind2=" ">
			<subfield code="a">online resource</subfield>
			<subfield code="b">cr</subfield>
			<subfield code="2">rdacarrier</subfield>
		</datafield>
		<datafield tag="347" ind1=" " ind2=" ">
			<subfield code="a">text file</subfield>
			<subfield code="b">PDF</subfield>
			<subfield code="2">rda</subfield>
		</datafield>
		<datafield tag="505" ind1="0" ind2="0">
			<subfield code="t">Frontmatter -- </subfield>
			<subfield code="t">Principles of the Hospital Building -- </subfield>
			<subfield code="t">Selection of Projects -- </subfield>
			<subfield code="t">Preface -- </subfield>
			<subfield code="t">Introduction -- </subfield>
			<subfield code="t">Paradigm Change? The Perspective of the Patient / </subfield>
			<subfield code="r">Wagenaar, Cor / Mens, Noor -- </subfield>
			<subfield code="t">Healthcare as a Public Service / </subfield>
			<subfield code="r">Wagenaar, Cor / Mens, Noor -- </subfield>
			<subfield code="t">The Business Case for Hospitals / </subfield>
			<subfield code="r">Manja, Guru / Niemeijer, Colette -- </subfield>
			<subfield code="t">Changing Healthcare Needs / </subfield>
			<subfield code="r">Wagenaar, Cor / Mens, Noor -- </subfield>
			<subfield code="t">Distribution of Healthcare Facilities: Centralization, Decentralization and the Network Hospital / </subfield>
			<subfield code="r">Manja, Guru / Niemeijer, Colette / Wagenaar, Cor -- </subfield>
			<subfield code="t">The Design of Hospitals: Care Pathways / </subfield>
			<subfield code="r">Manja, Guru / Niemeijer, Colette / Wagenaar, Cor -- </subfield>
			<subfield code="t">Processes and Spaces: the Example of the Maternity Department / </subfield>
			<subfield code="r">Manja, Guru / Niemeijer, Colette / Wagenaar, Cor -- </subfield>
			<subfield code="t">Evidence-Based Design for Healing Environments / </subfield>
			<subfield code="r">Wagenaar, Cor -- </subfield>
			<subfield code="t">The Building Type and its Emergence / </subfield>
			<subfield code="r">Mens, Noor -- </subfield>
			<subfield code="t">Zoning and Traffic System / </subfield>
			<subfield code="r">Guthknecht, Tom / Luscuere, Peter / Manja, Guru / Niemeijer, Colette / Wagenaar, Cor -- </subfield>
			<subfield code="t">Arrival and Entrance Noor Mens -- </subfield>
			<subfield code="t">Public Spaces in and Around the Hospital: Streets, Squares, Patios, Waiting Areas, Healing Gardens / </subfield>
			<subfield code="r">Lacanna, Giuseppe / Wagenaar, Cor -- </subfield>
			<subfield code="t">Wayfinding: Signage and Orientation Systems / </subfield>
			<subfield code="r">Mens, Noor -- </subfield>
			<subfield code="t">Planning: an Integral Approach / </subfield>
			<subfield code="r">Guthknecht, Tom -- </subfield>
			<subfield code="t">Outpatient Department / </subfield>
			<subfield code="r">Guthknecht, Tom / Manja, Guru / Niemeijer, Colette / Wagenaar, Cor -- </subfield>
			<subfield code="t">Inpatient Wards / </subfield>
			<subfield code="r">Guthknecht, Tom / Manja, Guru / Niemeijer, Colette / Wagenaar, Cor -- </subfield>
			<subfield code="t">Diagnostic Imaging / </subfield>
			<subfield code="r">Guthknecht, Tom / Manja, Guru / Wagenaar, Cor -- </subfield>
			<subfield code="t">Operating Theater and Recovery Area / </subfield>
			<subfield code="r">Guthknecht, Tom / Manja, Guru / Niemeijer, Colette / Wagenaar, Cor -- </subfield>
			<subfield code="t">Intensive Care Unit / </subfield>
			<subfield code="r">Guthknecht, Tom / Manja, Guru / Niemeijer, Colette / Wagenaar, Cor -- </subfield>
			<subfield code="t">Emergency Department / </subfield>
			<subfield code="r">Guthknecht, Tom / Manja, Guru / Niemeijer, Colette / Wagenaar, Cor -- </subfield>
			<subfield code="t">Laboratory Department / </subfield>
			<subfield code="r">Guthknecht, Tom -- </subfield>
			<subfield code="t">Circle Bath Bath, UK Foster + Partners -- </subfield>
			<subfield code="t">Butaro District Hospital Butaro, Rwanda MASS Design Group -- </subfield>
			<subfield code="t">Private Hospital Villeneuve d’Ascq Lille, France Jean-Philippe Pargade Architectes -- </subfield>
			<subfield code="t">Extension Kolding Hospital Kolding, Denmark Schmidt Hammer Lassen Architects -- </subfield>
			<subfield code="t">AZ Groeninge Kortrijk, Belgium Baumschlager Eberle Architekten -- </subfield>
			<subfield code="t">Zaans Medisch Centrum Zaandam, the Netherlands Mecanoo -- </subfield>
			<subfield code="t">Hôpital Riviera-Chablais Rennaz, Switzerland Groupe-6; GD architectes -- </subfield>
			<subfield code="t">Medisch Spectrum Twente Enschede, the Netherlands IAA Architecten -- </subfield>
			<subfield code="t">Rey Juan Carlos Hospital Madrid, Spain Rafael de La-Hoz -- </subfield>
			<subfield code="t">Meander Medisch Centrum Amersfoort, the Netherlands Atelier PRO architekten -- </subfield>
			<subfield code="t">Cleveland Clinic Abu Dhabi Abu Dhabi, United Arab Emirates HDR -- </subfield>
			<subfield code="t">Nemours Children’s Hospital Orlando, Florida, USA Stanley Beaman &amp; Sears -- </subfield>
			<subfield code="t">Randall Children’s Hospital at Legacy Emanuel Portland, Oregon, USA ZGF Architects -- </subfield>
			<subfield code="t">Juliana Children’s Hospital The Hague, the Netherlands MVSA Architects -- </subfield>
			<subfield code="t">Mother-Child and Surgical Center Kaiser-Franz-Josef-Spital Vienna, Austria Nickl &amp; Partner Architekten -- </subfield>
			<subfield code="t">Ann &amp; Robert H. Lurie Children’s Hospital Chicago, Illinois, USA ZGF Architects -- </subfield>
			<subfield code="t">Royal Children’s Hospital Melbourne, Australia Billard Leece Partnership; Bates Smart -- </subfield>
			<subfield code="t">Center for Surgical Medicine University Hospital Düsseldorf Düsseldorf, Germany Heinle, Wischer und Partner -- </subfield>
			<subfield code="t">St. Olav’s Hospital Trondheim, Norway Nordic – O¸ce of Architecture; Ratio Arkitekter -- </subfield>
			<subfield code="t">Akershus University Hospital Oslo, Norway C. F. Møller Architects -- </subfield>
			<subfield code="t">Reconstruction of the Johann Wolfgang Goethe University Hospital Frankfurt am Main, Germany Nickl &amp; Partner Architekten -- </subfield>
			<subfield code="t">Erasmus MC Hospital and Education Center Rotterdam, the Netherlands EGM architects; KAAN Architecten -- </subfield>
			<subfield code="t">Cleveland Clinic Lou Ruvo Center for Brain Health Las Vegas, Nevada, USA Frank Gehry -- </subfield>
			<subfield code="t">Surgical Clinic La Croix-Rousse Lyon, France Atelier Christian de Portzamparc -- </subfield>
			<subfield code="t">Milstein Family Heart Center NewYork-Presbyterian Hospital New York, New York, USA Pei Cobb Freed &amp; Partners -- </subfield>
			<subfield code="t">National Center for Tumor Diseases Heidelberg, Germany Behnisch Architekten -- </subfield>
			<subfield code="t">Institut Imagine Paris, France Ateliers Jean Nouvel; Valero Gadan Architectes -- </subfield>
			<subfield code="t">Cancer Centre at Guy’s London, UK Rogers Stirk Harbour + Partners -- </subfield>
			<subfield code="t">Ruukki Health Clinic Ruukki, Finland alt Arkkitehdit; Architecture O¸ce Karsikas -- </subfield>
			<subfield code="t">Municipal Healthcare Centers San Blas, Usera, Villaverde Madrid, Spain Estudio Entresitio -- </subfield>
			<subfield code="t">UCLA Outpatient Surgery and Medical Office Building Santa Monica, California, USA Michael W. Folonis Architects -- </subfield>
			<subfield code="t">New QEII Hospital Welwyn Garden City, UK Penoyre &amp; Prasad -- </subfield>
			<subfield code="t">Outpatient Clinic Hospital-Asilo of Granollers Granollers, Spain Pinearq -- </subfield>
			<subfield code="t">Maggie’s Centre West London London, UK Rogers Stirk Harbour + Partners -- </subfield>
			<subfield code="t">Maggie’s Centre Gartnavel Glasgow, UK OMA -- </subfield>
			<subfield code="t">Gheskio Cholera Treatment Center Port-au-Prince, Haiti MASS Design Group -- </subfield>
			<subfield code="t">Cancer Counseling Center Livsrum, Denmark EFFEKT Arkitekter -- </subfield>
			<subfield code="t">Healthcare Center for Cancer Patients Copenhagen, Denmark Nord Architects -- </subfield>
			<subfield code="t">Rehabilitation Center Groot Klimmendaal Arnhem, the Netherlands Koen van Velsen Architects -- </subfield>
			<subfield code="t">Anti-Aging Life Center Chaum Seoul, South Korea KMD Architects -- </subfield>
			<subfield code="t">The Authors -- </subfield>
			<subfield code="t">Index of Places -- </subfield>
			<subfield code="t">Index of Names -- </subfield>
			<subfield code="t">Illustration Credits</subfield>
		</datafield>
		<datafield tag="520" ind1=" " ind2=" ">
			<subfield code="a">Das Krankenhaus unterlag als Bautyp in den letzten Jahren großen Veränderungen: Der Wandel im Gesundheitswesen, die evidenzbasierte Medizin sowie Fragen der Gesundheitsökonomie (wie die Bündelung bestimmter Verfahren in Fachkliniken) stellen neue Anforderungen an die Planung. Private Gesundheitseinrichtungen treiben den Paradigmenwechsel vom funktionalen Technikbauwerk zum design-affinen Gesundheitsbau mit Hotelcharakter voran. Dieses Buch stellt in einem breiten systematischen Teil die Voraussetzungen für Entwurf und Planung von Krankenhäusern dar. Der Beispielteil dokumentiert in sechs Kategorien – Allgemeinkrankenhäuser, Kinderkliniken, Universitätskliniken, Fachkrankenhäuser, Ambulanzen und Polikliniken sowie Reha- und Nachsorgeeinrichtungen – ca. 40 internationale Projekte. </subfield>
		</datafield>
		<datafield tag="520" ind1=" " ind2=" ">
			<subfield code="a">Hospitals as a building type have undergone a substantial evolution in the past years. Changes in healthcare, the impact of evidence-based medicine and aspects of healthcare economics (such as the clustering of diagnostic procedures in specialized clinics) pose new and different challenges for the designer. Private healthcare facilities herald the paradigm change from the large functional building complex to a design-conscious health institution with luxury hotel features. Health centers more devoted to prevention rather than cure have been another important trend. This publication explains the principles and requirements for the planning of hospitals and other health facilities. An international case study section documents 40 best-practice projects in six categories: general hospitals, children’s hospitals, specialized clinics, outpatient clinics and health centers as well as rehabilitation clinics. </subfield>
		</datafield>
		<datafield tag="538" ind1=" " ind2=" ">
			<subfield code="a">Mode of access: Internet via World Wide Web.</subfield>
		</datafield>
		<datafield tag="546" ind1=" " ind2=" ">
			<subfield code="a">In English.</subfield>
		</datafield>
		<datafield tag="588" ind1="0" ind2=" ">
			<subfield code="a">Description based on online resource; title from PDF title page (publisher's Web site, viewed 27. Mrz 2018)</subfield>
		</datafield>
		<datafield tag="700" ind1="1" ind2=" ">
			<subfield code="a">Mens, Noor, </subfield>
			<subfield code="e">author.</subfield>
		</datafield>
		<datafield tag="773" ind1="0" ind2="8">
			<subfield code="i">Title is part of eBook package:</subfield>
			<subfield code="d">De Gruyter</subfield>
			<subfield code="t">EBOOK PACKAGE Architecture and Design 2018</subfield>
			<subfield code="z">9783110602999</subfield>
		</datafield>
		<datafield tag="773" ind1="0" ind2="8">
			<subfield code="i">Title is part of eBook package:</subfield>
			<subfield code="d">De Gruyter</subfield>
			<subfield code="t">EBOOK PACKAGE Arts, Architecture and Design 2018 English</subfield>
			<subfield code="z">9783110603972</subfield>
		</datafield>
		<datafield tag="773" ind1="0" ind2="8">
			<subfield code="i">Title is part of eBook package:</subfield>
			<subfield code="d">De Gruyter</subfield>
			<subfield code="t">EBOOK PACKAGE COMPLETE 2018 English</subfield>
			<subfield code="z">9783110604252</subfield>
		</datafield>
		<datafield tag="773" ind1="0" ind2="8">
			<subfield code="i">Title is part of eBook package:</subfield>
			<subfield code="d">De Gruyter</subfield>
			<subfield code="t">EBOOK PACKAGE COMPLETE 2018</subfield>
			<subfield code="z">9783110603255</subfield>
			<subfield code="o">ZDB-23-DGG</subfield>
		</datafield>
		<datafield tag="776" ind1="0" ind2=" ">
			<subfield code="c">EPUB</subfield>
			<subfield code="z">978-3-0356-0910-3</subfield>
		</datafield>
		<datafield tag="776" ind1="0" ind2=" ">
			<subfield code="c">print</subfield>
			<subfield code="z">9783038214731</subfield>
		</datafield>
		<datafield tag="856" ind1="4" ind2="0">
			<subfield code="u">https://doi.org/10.1515/9783035611250</subfield>
		</datafield>
		<datafield tag="856" ind1="4" ind2="2">
			<subfield code="3">Cover</subfield>
			<subfield code="u">https://www.degruyter.com/doc/cover/9783035611250.jpg</subfield>
		</datafield>
		<datafield tag="912" ind1=" " ind2=" ">
			<subfield code="a">978-3-11-060299-9  EBOOK PACKAGE Architecture and Design 2018</subfield>
			<subfield code="b">2018</subfield>
		</datafield>
		<datafield tag="912" ind1=" " ind2=" ">
			<subfield code="a">978-3-11-060397-2  EBOOK PACKAGE Arts, Architecture and Design 2018 English</subfield>
			<subfield code="b">2018</subfield>
		</datafield>
		<datafield tag="912" ind1=" " ind2=" ">
			<subfield code="a">978-3-11-060425-2  EBOOK PACKAGE COMPLETE 2018 English</subfield>
			<subfield code="b">2018</subfield>
		</datafield>
		<datafield tag="912" ind1=" " ind2=" ">
			<subfield code="a">GBV-deGruyter-alles</subfield>
		</datafield>
		<datafield tag="912" ind1=" " ind2=" ">
			<subfield code="a">GBV-deGruyter-PDA11SSHE</subfield>
		</datafield>
		<datafield tag="912" ind1=" " ind2=" ">
			<subfield code="a">GBV-deGruyter-PDA12STME</subfield>
		</datafield>
		<datafield tag="912" ind1=" " ind2=" ">
			<subfield code="a">GBV-deGruyter-PDA13ENGE</subfield>
		</datafield>
		<datafield tag="912" ind1=" " ind2=" ">
			<subfield code="a">GBV-deGruyter-PDA14ALL</subfield>
		</datafield>
		<datafield tag="912" ind1=" " ind2=" ">
			<subfield code="a">GBV-deGruyter-PDA15STM</subfield>
		</datafield>
		<datafield tag="912" ind1=" " ind2=" ">
			<subfield code="a">GBV-deGruyter-PDA16SSH</subfield>
		</datafield>
		<datafield tag="912" ind1=" " ind2=" ">
			<subfield code="a">GBV-deGruyter-PDA17SSHEE</subfield>
		</datafield>
		<datafield tag="912" ind1=" " ind2=" ">
			<subfield code="a">GBV-deGruyter-PDA18STMEE</subfield>
		</datafield>
		<datafield tag="912" ind1=" " ind2=" ">
			<subfield code="a">GBV-deGruyter-PDA1ALL</subfield>
		</datafield>
		<datafield tag="912" ind1=" " ind2=" ">
			<subfield code="a">GBV-deGruyter-PDA2</subfield>
		</datafield>
		<datafield tag="912" ind1=" " ind2=" ">
			<subfield code="a">GBV-deGruyter-PDA2HUM</subfield>
		</datafield>
		<datafield tag="912" ind1=" " ind2=" ">
			<subfield code="a">GBV-deGruyter-PDA3STM</subfield>
		</datafield>
		<datafield tag="912" ind1=" " ind2=" ">
			<subfield code="a">GBV-deGruyter-PDA5EBK</subfield>
		</datafield>
		<datafield tag="912" ind1=" " ind2=" ">
			<subfield code="a">GBV-deGruyter-PDA7ENG</subfield>
		</datafield>
		<datafield tag="912" ind1=" " ind2=" ">
			<subfield code="a">ZDB-23-DGG</subfield>
			<subfield code="b">2018</subfield>
		</datafield>
	</record>