
	<record xmlns="http://www.loc.gov/MARC21/slim">
		<leader>05830nam a22006015i 4500</leader>
		<controlfield tag="001">9783035615180</controlfield>
		<controlfield tag="003">DE-B1597</controlfield>
		<controlfield tag="005">20180327123002.0</controlfield>
		<controlfield tag="006">m|||||o||d||||||||</controlfield>
		<controlfield tag="007">cr || ||||||||</controlfield>
		<controlfield tag="008">180327s2018    sz     fo  d z      ger d</controlfield>
		<datafield tag="020" ind1=" " ind2=" ">
			<subfield code="a">9783035615180</subfield>
		</datafield>
		<datafield tag="024" ind1="7" ind2=" ">
			<subfield code="a">10.1515/9783035615180</subfield>
			<subfield code="2">doi</subfield>
		</datafield>
		<datafield tag="035" ind1=" " ind2=" ">
			<subfield code="a">(DE-B1597)488580</subfield>
		</datafield>
		<datafield tag="040" ind1=" " ind2=" ">
			<subfield code="a">DE-B1597</subfield>
			<subfield code="b">eng</subfield>
			<subfield code="c">DE-B1597</subfield>
			<subfield code="e">rda</subfield>
		</datafield>
		<datafield tag="041" ind1="0" ind2=" ">
			<subfield code="a">ger</subfield>
		</datafield>
		<datafield tag="044" ind1=" " ind2=" ">
			<subfield code="a">sz</subfield>
			<subfield code="c">CH</subfield>
		</datafield>
		<datafield tag="072" ind1=" " ind2="7">
			<subfield code="a">ARC006000</subfield>
			<subfield code="2">bisacsh</subfield>
		</datafield>
		<datafield tag="245" ind1="0" ind2="0">
			<subfield code="a">Otto HäuselmayerStädtebauliche Architektur :</subfield>
			<subfield code="b">Stadtplanung, Bauten und Projekte 1976-2018 /</subfield>
			<subfield code="c">Markus Kristan.</subfield>
		</datafield>
		<datafield tag="264" ind1=" " ind2="1">
			<subfield code="a">Basel : </subfield>
			<subfield code="b">Birkhäuser, </subfield>
			<subfield code="c">[2018]</subfield>
		</datafield>
		<datafield tag="264" ind1=" " ind2="4">
			<subfield code="c">©2018</subfield>
		</datafield>
		<datafield tag="300" ind1=" " ind2=" ">
			<subfield code="a">1 online resource </subfield>
		</datafield>
		<datafield tag="336" ind1=" " ind2=" ">
			<subfield code="a">text</subfield>
			<subfield code="b">txt</subfield>
			<subfield code="2">rdacontent</subfield>
		</datafield>
		<datafield tag="337" ind1=" " ind2=" ">
			<subfield code="a">computer</subfield>
			<subfield code="b">c</subfield>
			<subfield code="2">rdamedia</subfield>
		</datafield>
		<datafield tag="338" ind1=" " ind2=" ">
			<subfield code="a">online resource</subfield>
			<subfield code="b">cr</subfield>
			<subfield code="2">rdacarrier</subfield>
		</datafield>
		<datafield tag="347" ind1=" " ind2=" ">
			<subfield code="a">text file</subfield>
			<subfield code="b">PDF</subfield>
			<subfield code="2">rda</subfield>
		</datafield>
		<datafield tag="505" ind1="0" ind2="0">
			<subfield code="t">Frontmatter -- </subfield>
			<subfield code="t">Inhalt -- </subfield>
			<subfield code="t">Otto Häuselmayer – eine Bilanz / </subfield>
			<subfield code="r">Kristan, Markus -- </subfield>
			<subfield code="t">Städtebauliche Architektur – Programm und Lebensaufgabe / </subfield>
			<subfield code="r">Häuselmayer, Otto -- </subfield>
			<subfield code="t">Laudatio auf Architekt Otto Häuselmayer anlässlich der Verleihung des Preises der Stadt Wien am 15. 11. 1994 im Stadtsenatssitzungssaal des Wiener Rathauses / </subfield>
			<subfield code="r">Chramosta, Walter M. -- </subfield>
			<subfield code="t">„Die Zeichnung“ von der Ideenskizze zu Architekturentwurf und baulicher Realisierung / </subfield>
			<subfield code="r">Häuselmayer, Otto -- </subfield>
			<subfield code="t">Ephesos „Schutzbau über das Hanghaus 2“, Türkei -- </subfield>
			<subfield code="t">Bergwerk der Erinnerung im Tagbau / </subfield>
			<subfield code="r">Achleitner, Friedrich -- </subfield>
			<subfield code="t">Für den Süden Wiens – die städtebauliche Entwicklung auf den Wienerberggründen -- </subfield>
			<subfield code="t">Großwohnsiedlung Süßenbrunner Straße -- </subfield>
			<subfield code="t">Städtebauliche Planungen Berresgasse -- </subfield>
			<subfield code="t">Städtebauliche Planung und Realisierung – Areal der ehemaligen Schmidtstahlwerke -- </subfield>
			<subfield code="t">Städtebauliche Planung Donaufeld Wien -- </subfield>
			<subfield code="t">Städtebauliches Projekt – Areal des ehemaligen Bahnhofes Jedlesee -- </subfield>
			<subfield code="t">Zentrum Kagran -- </subfield>
			<subfield code="t">Kirche Emmaus am Wienerberg -- </subfield>
			<subfield code="t">Und ein Quäntchen Romantik / </subfield>
			<subfield code="r">Waechter-Böhm, Liesbeth -- </subfield>
			<subfield code="t">Kirche Cyrill und Method -- </subfield>
			<subfield code="t">Kirchenschiff im Meer des Trivialen / </subfield>
			<subfield code="r">Waechter-Böhm, Liesbeth -- </subfield>
			<subfield code="t">Römisch-katholische Kapellen -- </subfield>
			<subfield code="t">Die Ästhetik im Wohnbau – ein dichter, kompakter Schöpfungsprozess / </subfield>
			<subfield code="r">Häuselmayer, Otto / Zacek, Patricia -- </subfield>
			<subfield code="t">Wohnhausanlage Biberhaufenweg -- </subfield>
			<subfield code="t">Stadtheimat Kommentierte Annäherung an städtische Dichte / </subfield>
			<subfield code="r">Zacek, Patricia -- </subfield>
			<subfield code="t">Wohnbau mit Geschäftspassage -- </subfield>
			<subfield code="t">Wohn- und Geschäftshaus, Wexstraße, Jägerstraße -- </subfield>
			<subfield code="t">Otto Häuselmayer – fast unmerkliche Bildstörungen / </subfield>
			<subfield code="r">Zacek, Patricia -- </subfield>
			<subfield code="t">Wohnhausanlage mit Gewerbezeile -- </subfield>
			<subfield code="t">Die Wiesenstadt -- </subfield>
			<subfield code="t">Wohnhausanlage Grundäckergründe -- </subfield>
			<subfield code="t">Stadthaus Adambergergasse -- </subfield>
			<subfield code="t">Stadthaus Katharinengasse -- </subfield>
			<subfield code="t">Stadthaus Schrankenberggasse -- </subfield>
			<subfield code="t">Wohn- und Geschäftshaus Triester Straße -- </subfield>
			<subfield code="t">Rabenhof -- </subfield>
			<subfield code="t">Musiktheater am Schlossberg in Linz -- </subfield>
			<subfield code="t">Musiktheater in Urfahr-Ost in Linz -- </subfield>
			<subfield code="t">Kolpinghaus Wien „Gemeinsam leben“ Favoriten -- </subfield>
			<subfield code="t">Kolpinghaus „Gemeinsam leben“ Leopoldstadt -- </subfield>
			<subfield code="t">Brücken – Ingenieurbaukunst mit Wolfdietrich Ziesel / </subfield>
			<subfield code="r">Häuselmayer, Otto -- </subfield>
			<subfield code="t">Fußgeher- und Radwegbrücke über die Triester Straße, Wien 10, 1989 / </subfield>
			<subfield code="r">Häuselmayer, Otto -- </subfield>
			<subfield code="t">Öffentliche Stadträume Freyung und Schwarzenbergplatz -- </subfield>
			<subfield code="t">Gestaltung öffentlicher Stadträume Freyung und Schwarzenbergplatz in Wien 1 Erwartung und Realität einer Neuordnung Städtisch bedeutsame Platzräume / </subfield>
			<subfield code="r">Häuselmayer, Otto -- </subfield>
			<subfield code="t">Bürogebäude für den Zentralverband der Kleingärtner -- </subfield>
			<subfield code="t">Pumpenwerke in Simmering und Kledering -- </subfield>
			<subfield code="t">Städtische Nutzbauten Pumpenwerk Simmering, Wien 11, Haidequerstraße, 2003–2005 Pumpenwerk Kledering, Wien 10, linkes Ufer des Liesingbaches, 2003 / </subfield>
			<subfield code="r">Häuselmayer, Otto -- </subfield>
			<subfield code="t">Das Wiener Künstlerhaus -- </subfield>
			<subfield code="t">Biografie und Werkverzeichnis -- </subfield>
			<subfield code="t">Pressebeiträge zu den einzelnen Projekten -- </subfield>
			<subfield code="t">Publikationen und Aufsätze -- </subfield>
			<subfield code="t">Mitarbeiter und Mitarbeiterinnen seit 1976 -- </subfield>
			<subfield code="t">Fotoverzeichnis</subfield>
		</datafield>
		<datafield tag="520" ind1=" " ind2=" ">
			<subfield code="a">Zwei Kirchen, 1.500 Wohnungen und die Planung von Stadtquartieren für rund 5.000 Wohnungen umfasst das Werk des Wiener Architekten Otto Häuselmayer. Hinzu kommen eine Brücke, Nutzbauten, Platzgestaltungen und die international viel beachtete Überdachung der archäologischen Ausgrabungen in Ephesos. Sie wirkt im Kontext seines Werkes wie eine retrospektive Stadtintervention. Auch der Entwurf für das Linzer Musiktheater fehlt nicht, welches bereits juriert und beauftragt war, für das jedoch in letzter Sekunde der Auftrag zurückgezogen wurde: als Bauernopfer eines politischen Ränkespiels. Das Buch dokumentiert erstmals Häuselmayers Bauten, die sich bei den Nutzern größter Beliebtheit erfreuen, da er mit Liebe zum Detail plant und zugleich den urbanen Kontext berücksichtigt. </subfield>
		</datafield>
		<datafield tag="538" ind1=" " ind2=" ">
			<subfield code="a">Mode of access: Internet via World Wide Web.</subfield>
		</datafield>
		<datafield tag="546" ind1=" " ind2=" ">
			<subfield code="a">In German.</subfield>
		</datafield>
		<datafield tag="588" ind1="0" ind2=" ">
			<subfield code="a">Description based on online resource; title from PDF title page (publisher's Web site, viewed 27. Mrz 2018)</subfield>
		</datafield>
		<datafield tag="650" ind1=" " ind2="4">
			<subfield code="a">Architekt.</subfield>
		</datafield>
		<datafield tag="650" ind1=" " ind2="4">
			<subfield code="a">Stadtplanung.</subfield>
		</datafield>
		<datafield tag="650" ind1=" " ind2="4">
			<subfield code="a">Wohnbau.</subfield>
		</datafield>
		<datafield tag="700" ind1="1" ind2=" ">
			<subfield code="a">Kristan, Markus, </subfield>
			<subfield code="e">editor.</subfield>
		</datafield>
		<datafield tag="773" ind1="0" ind2="8">
			<subfield code="i">Title is part of eBook package:</subfield>
			<subfield code="d">De Gruyter</subfield>
			<subfield code="t">EBOOK PACKAGE Architecture and Design 2018</subfield>
			<subfield code="z">9783110602999</subfield>
		</datafield>
		<datafield tag="773" ind1="0" ind2="8">
			<subfield code="i">Title is part of eBook package:</subfield>
			<subfield code="d">De Gruyter</subfield>
			<subfield code="t">EBOOK PACKAGE COMPLETE 2018</subfield>
			<subfield code="z">9783110603255</subfield>
			<subfield code="o">ZDB-23-DGG</subfield>
		</datafield>
		<datafield tag="776" ind1="0" ind2=" ">
			<subfield code="c">print</subfield>
			<subfield code="z">9783035615432</subfield>
		</datafield>
		<datafield tag="856" ind1="4" ind2="0">
			<subfield code="u">https://doi.org/10.1515/9783035615180</subfield>
		</datafield>
		<datafield tag="856" ind1="4" ind2="2">
			<subfield code="3">Cover</subfield>
			<subfield code="u">https://www.degruyter.com/doc/cover/9783035615180.jpg</subfield>
		</datafield>
		<datafield tag="912" ind1=" " ind2=" ">
			<subfield code="a">978-3-11-060299-9  EBOOK PACKAGE Architecture and Design 2018</subfield>
			<subfield code="b">2018</subfield>
		</datafield>
		<datafield tag="912" ind1=" " ind2=" ">
			<subfield code="a">GBV-deGruyter-alles</subfield>
		</datafield>
		<datafield tag="912" ind1=" " ind2=" ">
			<subfield code="a">GBV-deGruyter-PDA11SSHE</subfield>
		</datafield>
		<datafield tag="912" ind1=" " ind2=" ">
			<subfield code="a">GBV-deGruyter-PDA12STME</subfield>
		</datafield>
		<datafield tag="912" ind1=" " ind2=" ">
			<subfield code="a">GBV-deGruyter-PDA14ALL</subfield>
		</datafield>
		<datafield tag="912" ind1=" " ind2=" ">
			<subfield code="a">GBV-deGruyter-PDA15STM</subfield>
		</datafield>
		<datafield tag="912" ind1=" " ind2=" ">
			<subfield code="a">GBV-deGruyter-PDA16SSH</subfield>
		</datafield>
		<datafield tag="912" ind1=" " ind2=" ">
			<subfield code="a">GBV-deGruyter-PDA1ALL</subfield>
		</datafield>
		<datafield tag="912" ind1=" " ind2=" ">
			<subfield code="a">GBV-deGruyter-PDA2</subfield>
		</datafield>
		<datafield tag="912" ind1=" " ind2=" ">
			<subfield code="a">GBV-deGruyter-PDA2HUM</subfield>
		</datafield>
		<datafield tag="912" ind1=" " ind2=" ">
			<subfield code="a">GBV-deGruyter-PDA3STM</subfield>
		</datafield>
		<datafield tag="912" ind1=" " ind2=" ">
			<subfield code="a">GBV-deGruyter-PDA5EBK</subfield>
		</datafield>
		<datafield tag="912" ind1=" " ind2=" ">
			<subfield code="a">ZDB-23-DGG</subfield>
			<subfield code="b">2018</subfield>
		</datafield>
	</record>