
	<record xmlns="http://www.loc.gov/MARC21/slim">
		<leader>08628nam a22008055i 4500</leader>
		<controlfield tag="001">9783035615784</controlfield>
		<controlfield tag="003">DE-B1597</controlfield>
		<controlfield tag="005">20180327123002.0</controlfield>
		<controlfield tag="006">m|||||o||d||||||||</controlfield>
		<controlfield tag="007">cr || ||||||||</controlfield>
		<controlfield tag="008">180327s2018    sz     fo  d z      eng d</controlfield>
		<datafield tag="020" ind1=" " ind2=" ">
			<subfield code="a">9783035615784</subfield>
		</datafield>
		<datafield tag="024" ind1="7" ind2=" ">
			<subfield code="a">10.1515/9783035615784</subfield>
			<subfield code="2">doi</subfield>
		</datafield>
		<datafield tag="035" ind1=" " ind2=" ">
			<subfield code="a">(DE-B1597)489562</subfield>
		</datafield>
		<datafield tag="040" ind1=" " ind2=" ">
			<subfield code="a">DE-B1597</subfield>
			<subfield code="b">eng</subfield>
			<subfield code="c">DE-B1597</subfield>
			<subfield code="e">rda</subfield>
		</datafield>
		<datafield tag="041" ind1="0" ind2=" ">
			<subfield code="a">eng</subfield>
		</datafield>
		<datafield tag="044" ind1=" " ind2=" ">
			<subfield code="a">sz</subfield>
			<subfield code="c">CH</subfield>
		</datafield>
		<datafield tag="072" ind1=" " ind2="7">
			<subfield code="a">ARC010000</subfield>
			<subfield code="2">bisacsh</subfield>
		</datafield>
		<datafield tag="072" ind1=" " ind2="7">
			<subfield code="a">ARC013000</subfield>
			<subfield code="2">bisacsh</subfield>
		</datafield>
		<datafield tag="245" ind1="0" ind2="0">
			<subfield code="a">Porous City :</subfield>
			<subfield code="b">From Metaphor to Urban Agenda /</subfield>
			<subfield code="c">Sophie Wolfrum.</subfield>
		</datafield>
		<datafield tag="264" ind1=" " ind2="1">
			<subfield code="a">Basel : </subfield>
			<subfield code="b">Birkhäuser, </subfield>
			<subfield code="c">[2018]</subfield>
		</datafield>
		<datafield tag="264" ind1=" " ind2="4">
			<subfield code="c">©2018</subfield>
		</datafield>
		<datafield tag="300" ind1=" " ind2=" ">
			<subfield code="a">1 online resource </subfield>
		</datafield>
		<datafield tag="336" ind1=" " ind2=" ">
			<subfield code="a">text</subfield>
			<subfield code="b">txt</subfield>
			<subfield code="2">rdacontent</subfield>
		</datafield>
		<datafield tag="337" ind1=" " ind2=" ">
			<subfield code="a">computer</subfield>
			<subfield code="b">c</subfield>
			<subfield code="2">rdamedia</subfield>
		</datafield>
		<datafield tag="338" ind1=" " ind2=" ">
			<subfield code="a">online resource</subfield>
			<subfield code="b">cr</subfield>
			<subfield code="2">rdacarrier</subfield>
		</datafield>
		<datafield tag="347" ind1=" " ind2=" ">
			<subfield code="a">text file</subfield>
			<subfield code="b">PDF</subfield>
			<subfield code="2">rda</subfield>
		</datafield>
		<datafield tag="505" ind1="0" ind2="0">
			<subfield code="t">Frontmatter -- </subfield>
			<subfield code="t">Content -- </subfield>
			<subfield code="t">Porous City-From Metaphor to Urban Agenda / </subfield>
			<subfield code="r">Wolfrum, Sophie -- </subfield>
			<subfield code="t">Reflections on the Term -- </subfield>
			<subfield code="t">Porosity—Porous City / </subfield>
			<subfield code="r">Wolfrum, Sophie -- </subfield>
			<subfield code="t">News from Naples? An Essay on Conceptual Narratives / </subfield>
			<subfield code="r">Koch, Michael -- </subfield>
			<subfield code="t">Porous—Notes on the Architectural History of the Term / </subfield>
			<subfield code="r">Erben, Dietrich -- </subfield>
			<subfield code="t">Urban Porosity and the Right to a Shared City / </subfield>
			<subfield code="r">Stavrides, Stavros -- </subfield>
			<subfield code="t">Drifting Clouds: Porosity as a Paradigm / </subfield>
			<subfield code="r">Harnack, Maren -- </subfield>
			<subfield code="t">The Ideal of the Broken-down: Porous States of Disrepair / </subfield>
			<subfield code="r">Aquilar, Giorgia -- </subfield>
			<subfield code="t">Porous Iridescences / </subfield>
			<subfield code="r">Bru, Eduard -- </subfield>
			<subfield code="t">Porosity: Why This Figure Is Still Useful / </subfield>
			<subfield code="r">Viganò, Paola -- </subfield>
			<subfield code="t">Architecture and Urban Design -- </subfield>
			<subfield code="t">Exploring the Unforeseen—Porosity as a Concept / </subfield>
			<subfield code="r">Zöhrer, Christian -- </subfield>
			<subfield code="t">Still Here while Being There—About Boundaries and Thresholds / </subfield>
			<subfield code="r">Wolfrum, Sophie -- </subfield>
			<subfield code="t">Negotiating Porosity / </subfield>
			<subfield code="r">Heinemann, Christoph -- </subfield>
			<subfield code="t">Deep Threshold / </subfield>
			<subfield code="r">Krucker, Bruno / Bates, Stephen -- </subfield>
			<subfield code="t">Porous and Hybrid: Conditions for the Complex City / </subfield>
			<subfield code="r">Freitas, Rita Pinto de -- </subfield>
			<subfield code="t">Thinking about Staircases: Circulation Spaces in Residential Housing / </subfield>
			<subfield code="r">Fornasier, Francesca -- </subfield>
			<subfield code="t">Porosity of the Monolithic / </subfield>
			<subfield code="r">Graff, Uta -- </subfield>
			<subfield code="t">Bigness and Porosity / </subfield>
			<subfield code="r">Buchert, Margitta -- </subfield>
			<subfield code="t">Reintroducing Porosity / </subfield>
			<subfield code="r">Laux, Gunther -- </subfield>
			<subfield code="t">Space In-between / </subfield>
			<subfield code="r">Zolle, Doris -- </subfield>
			<subfield code="t">Theodor Fischer, Urban Spaces Munich / </subfield>
			<subfield code="r">Lanz, Markus -- </subfield>
			<subfield code="t">Ambiguous Figure and Cloud / </subfield>
			<subfield code="r">Janson, Alban -- </subfield>
			<subfield code="t">Producing Space and Acting -- </subfield>
			<subfield code="t">Performativity, Sensuality, Temporary Interventions, Negotiation / </subfield>
			<subfield code="r">Stengel, Heiner -- </subfield>
			<subfield code="t">What Can Architecture Do? Blueprint for a Porous Architecture Museum / </subfield>
			<subfield code="r">Fitz, Angelika -- </subfield>
			<subfield code="t">The “Curated” City—Art in Public Space / </subfield>
			<subfield code="r">Rung, Hanne -- </subfield>
			<subfield code="t">Building Vibrant Environments / </subfield>
			<subfield code="r">Römer, Alex -- </subfield>
			<subfield code="t">Porosity and Open Form / </subfield>
			<subfield code="r">Dell, Christopher / Kniess, Bernd / Peck, Dominique / Richter, Anna -- </subfield>
			<subfield code="t">WandererUni around the World / </subfield>
			<subfield code="r">Matton, Ton -- </subfield>
			<subfield code="t">Improvised City / </subfield>
			<subfield code="r">Theodoropoulos, Dimitris -- </subfield>
			<subfield code="t">Does the City Blur All Its Traces? / </subfield>
			<subfield code="r">Stengel, Heiner -- </subfield>
			<subfield code="t">Open Leipzig, 2009 / </subfield>
			<subfield code="r">Dona, Sofia -- </subfield>
			<subfield code="t">Salsa Urbana / </subfield>
			<subfield code="r">Diesch, Alissa -- </subfield>
			<subfield code="t">Beyond the Wall The Tentative Collective -- </subfield>
			<subfield code="t">Urban Regulations and Planning -- </subfield>
			<subfield code="t">About Legal Frameworks, Basic Politics, and Tactics / </subfield>
			<subfield code="r">Mumm, Imke -- </subfield>
			<subfield code="t">Toward a New Land Reform / </subfield>
			<subfield code="r">Hertweck, Florian -- </subfield>
			<subfield code="t">Urbanes Gebiet / </subfield>
			<subfield code="r">Wolfrum, Sophie -- </subfield>
			<subfield code="t">The Porous City Cannot Be Planned! / </subfield>
			<subfield code="r">Mumm, Imke -- </subfield>
			<subfield code="t">Cities in Suspension / </subfield>
			<subfield code="r">Dona, Sofia -- </subfield>
			<subfield code="t">A City Is an Apple Tree / </subfield>
			<subfield code="r">Lehnerer, Alex -- </subfield>
			<subfield code="t">Porosity—Is Munich a Porous City? / </subfield>
			<subfield code="r">Merk, Elisabeth -- </subfield>
			<subfield code="t">Just Design It: Porosity as Leeway for Designing Urban Space / </subfield>
			<subfield code="r">Brandis, Nikolai Frhr. von -- </subfield>
			<subfield code="t">Cairo’s Advanced Informality / </subfield>
			<subfield code="r">Angélil, Marc / Siress, Cary -- </subfield>
			<subfield code="t">Cairo Episodes / </subfield>
			<subfield code="r">Jüttner, Monique -- </subfield>
			<subfield code="t">Urban Territoriality and Strategies -- </subfield>
			<subfield code="t">Moving from the Macro- to the Microscale in the Anthropocene / </subfield>
			<subfield code="r">Dona, Sofia -- </subfield>
			<subfield code="t">The City in the Anthropocene—Multiple Porosities / </subfield>
			<subfield code="r">Giseke, Undine -- </subfield>
			<subfield code="t">A New Water Metabolism: Porosity and Decentralization / </subfield>
			<subfield code="r">Redeker, Cornelia -- </subfield>
			<subfield code="t">Holes in the Future City: Java’s Volcanoes / </subfield>
			<subfield code="r">Ursprung, Philip -- </subfield>
			<subfield code="t">Porous or Porridge City? / </subfield>
			<subfield code="r">Christiaanse, Kees -- </subfield>
			<subfield code="t">The Connected and Multiscalar City: Porosity in the Twenty-first Century / </subfield>
			<subfield code="r">Thierstein, Alain -- </subfield>
			<subfield code="t">Urban Landscape Infiltrations / </subfield>
			<subfield code="r">Bauer, Alexandra / Schaefer, Julian / Schoebel, Soeren / Xie, Yuting -- </subfield>
			<subfield code="t">Porosity as a Structural Principle of Urban Landscapes / </subfield>
			<subfield code="r">Weilacher, Udo -- </subfield>
			<subfield code="t">Detecting Porosity -- </subfield>
			<subfield code="t">Hanging Around in the Urban Field / </subfield>
			<subfield code="r">Kling, Norbert / Kurbasik, Florian -- </subfield>
			<subfield code="t">Porosity in Public Spaces of Migration / </subfield>
			<subfield code="r">Kaçel, Ela -- </subfield>
			<subfield code="t">When Commons Become Common / </subfield>
			<subfield code="r">Ott, Max -- </subfield>
			<subfield code="t">St. Louis 1875–2025 / </subfield>
			<subfield code="r">Foerster-Baldenius, Benjamin / Chen, Yü / Zahn, Sabine -- </subfield>
			<subfield code="t">Contested Porosities / </subfield>
			<subfield code="r">Kling, Norbert / Jungfer, Carsten -- </subfield>
			<subfield code="t">Bahnhofsviertel / </subfield>
			<subfield code="r">Kurbasik, Florian -- </subfield>
			<subfield code="t">From Diversity to Porosity / </subfield>
			<subfield code="r">Yang, Shan / Sun, Jie -- </subfield>
			<subfield code="t">Porous Boundary Spaces in the Beijing Old City / </subfield>
			<subfield code="r">Zhu, Tianyu -- </subfield>
			<subfield code="t">From Counterinsurgency to Urban Quality / </subfield>
			<subfield code="r">Eisenmann, Frank -- </subfield>
			<subfield code="t">Flows, Processes, and Weak Urbanization in Mexico City / </subfield>
			<subfield code="r">Göbel, Christof / Dorantes, Elizabeth Espinosa -- </subfield>
			<subfield code="t">Situation / </subfield>
			<subfield code="r">Lanz, Markus -- </subfield>
			<subfield code="t">Accentuate the Positive… / </subfield>
			<subfield code="r">Detering, Karl / Beesley, Simon -- </subfield>
			<subfield code="t">Contributors / Authors -- </subfield>
			<subfield code="t">Picture Credits / Impressum</subfield>
		</datafield>
		<datafield tag="520" ind1=" " ind2=" ">
			<subfield code="a">Mit "Porosität" benannten Walter Benjamin und Asja Lacis einst Neapels Eigenschaften: Räume gehen ineinander über, bieten Spielräume für Unvorhergesehenes, Improvisation ist Alltag. Heute wird der Begriff Porosität mit Bezug auf diesen Kontext zunehmend konzeptionell verwendet. Renommierte Autoren aus Architektur, Stadtplanung und Landschaftsarchitektur begeben sich auf die Suche nach neuen Konzepten für eine lebenswerte, menschenfreundliche Stadt – im Zeichen dieses schillernden Begriffs. Er dreht sich um die Überlagerung und Mischung von Räumen und Strukturen, um städtische Texturen und ihre architektonischen Eigenschaften und Qualitäten: um die Stadt der radikalen Durchmischung. </subfield>
		</datafield>
		<datafield tag="520" ind1=" " ind2=" ">
			<subfield code="a">Some time ago, Walter Benjamin and Asja Lacis used the term "porosity" with reference to Naples’ urban characteristics – spaces merging into each other and providing the backdrop for the unforeseen – improvisation as a way of life. Today, the term "porosity" in this context is increasingly used conceptually. Well-known authors from the worlds of architecture, town planning, and landscape design embark on a search for new concepts for a life-enhancing, user-friendly city – with reference to this enigmatic term. The term refers to the overlaying and interweaving of spaces and structures, to urban textures and their architectural properties and qualities – to cities with radically mixed urban functions. </subfield>
		</datafield>
		<datafield tag="538" ind1=" " ind2=" ">
			<subfield code="a">Mode of access: Internet via World Wide Web.</subfield>
		</datafield>
		<datafield tag="546" ind1=" " ind2=" ">
			<subfield code="a">In English.</subfield>
		</datafield>
		<datafield tag="588" ind1="0" ind2=" ">
			<subfield code="a">Description based on online resource; title from PDF title page (publisher's Web site, viewed 27. Mrz 2018)</subfield>
		</datafield>
		<datafield tag="650" ind1=" " ind2="4">
			<subfield code="a">Architecture.</subfield>
		</datafield>
		<datafield tag="650" ind1=" " ind2="4">
			<subfield code="a">Architektur.</subfield>
		</datafield>
		<datafield tag="650" ind1=" " ind2="4">
			<subfield code="a">City planning.</subfield>
		</datafield>
		<datafield tag="650" ind1=" " ind2="4">
			<subfield code="a">Stadt.</subfield>
		</datafield>
		<datafield tag="650" ind1=" " ind2="4">
			<subfield code="a">Städtebau.</subfield>
		</datafield>
		<datafield tag="650" ind1=" " ind2="4">
			<subfield code="a">Stadtplanung.</subfield>
		</datafield>
		<datafield tag="650" ind1=" " ind2="4">
			<subfield code="a">Urban planning.</subfield>
		</datafield>
		<datafield tag="650" ind1=" " ind2="4">
			<subfield code="a">Urbanism.</subfield>
		</datafield>
		<datafield tag="650" ind1=" " ind2="4">
			<subfield code="a">Urbanismus.</subfield>
		</datafield>
		<datafield tag="700" ind1="1" ind2=" ">
			<subfield code="a">Wolfrum, Sophie, </subfield>
			<subfield code="e">editor.</subfield>
		</datafield>
		<datafield tag="773" ind1="0" ind2="8">
			<subfield code="i">Title is part of eBook package:</subfield>
			<subfield code="d">De Gruyter</subfield>
			<subfield code="t">EBOOK PACKAGE Architecture and Design 2018</subfield>
			<subfield code="z">9783110602999</subfield>
		</datafield>
		<datafield tag="773" ind1="0" ind2="8">
			<subfield code="i">Title is part of eBook package:</subfield>
			<subfield code="d">De Gruyter</subfield>
			<subfield code="t">EBOOK PACKAGE Arts, Architecture and Design 2018 English</subfield>
			<subfield code="z">9783110603972</subfield>
		</datafield>
		<datafield tag="773" ind1="0" ind2="8">
			<subfield code="i">Title is part of eBook package:</subfield>
			<subfield code="d">De Gruyter</subfield>
			<subfield code="t">EBOOK PACKAGE COMPLETE 2018 English</subfield>
			<subfield code="z">9783110604252</subfield>
		</datafield>
		<datafield tag="773" ind1="0" ind2="8">
			<subfield code="i">Title is part of eBook package:</subfield>
			<subfield code="d">De Gruyter</subfield>
			<subfield code="t">EBOOK PACKAGE COMPLETE 2018</subfield>
			<subfield code="z">9783110603255</subfield>
			<subfield code="o">ZDB-23-DGG</subfield>
		</datafield>
		<datafield tag="776" ind1="0" ind2=" ">
			<subfield code="c">EPUB</subfield>
			<subfield code="z">978-3-0356-1580-7</subfield>
		</datafield>
		<datafield tag="776" ind1="0" ind2=" ">
			<subfield code="c">print</subfield>
			<subfield code="z">9783035616019</subfield>
		</datafield>
		<datafield tag="856" ind1="4" ind2="0">
			<subfield code="u">https://doi.org/10.1515/9783035615784</subfield>
		</datafield>
		<datafield tag="856" ind1="4" ind2="2">
			<subfield code="3">Cover</subfield>
			<subfield code="u">https://www.degruyter.com/doc/cover/9783035615784.jpg</subfield>
		</datafield>
		<datafield tag="912" ind1=" " ind2=" ">
			<subfield code="a">978-3-11-060299-9  EBOOK PACKAGE Architecture and Design 2018</subfield>
			<subfield code="b">2018</subfield>
		</datafield>
		<datafield tag="912" ind1=" " ind2=" ">
			<subfield code="a">978-3-11-060397-2  EBOOK PACKAGE Arts, Architecture and Design 2018 English</subfield>
			<subfield code="b">2018</subfield>
		</datafield>
		<datafield tag="912" ind1=" " ind2=" ">
			<subfield code="a">978-3-11-060425-2  EBOOK PACKAGE COMPLETE 2018 English</subfield>
			<subfield code="b">2018</subfield>
		</datafield>
		<datafield tag="912" ind1=" " ind2=" ">
			<subfield code="a">GBV-deGruyter-alles</subfield>
		</datafield>
		<datafield tag="912" ind1=" " ind2=" ">
			<subfield code="a">GBV-deGruyter-PDA11SSHE</subfield>
		</datafield>
		<datafield tag="912" ind1=" " ind2=" ">
			<subfield code="a">GBV-deGruyter-PDA12STME</subfield>
		</datafield>
		<datafield tag="912" ind1=" " ind2=" ">
			<subfield code="a">GBV-deGruyter-PDA13ENGE</subfield>
		</datafield>
		<datafield tag="912" ind1=" " ind2=" ">
			<subfield code="a">GBV-deGruyter-PDA14ALL</subfield>
		</datafield>
		<datafield tag="912" ind1=" " ind2=" ">
			<subfield code="a">GBV-deGruyter-PDA15STM</subfield>
		</datafield>
		<datafield tag="912" ind1=" " ind2=" ">
			<subfield code="a">GBV-deGruyter-PDA16SSH</subfield>
		</datafield>
		<datafield tag="912" ind1=" " ind2=" ">
			<subfield code="a">GBV-deGruyter-PDA17SSHEE</subfield>
		</datafield>
		<datafield tag="912" ind1=" " ind2=" ">
			<subfield code="a">GBV-deGruyter-PDA18STMEE</subfield>
		</datafield>
		<datafield tag="912" ind1=" " ind2=" ">
			<subfield code="a">GBV-deGruyter-PDA1ALL</subfield>
		</datafield>
		<datafield tag="912" ind1=" " ind2=" ">
			<subfield code="a">GBV-deGruyter-PDA2</subfield>
		</datafield>
		<datafield tag="912" ind1=" " ind2=" ">
			<subfield code="a">GBV-deGruyter-PDA2HUM</subfield>
		</datafield>
		<datafield tag="912" ind1=" " ind2=" ">
			<subfield code="a">GBV-deGruyter-PDA3STM</subfield>
		</datafield>
		<datafield tag="912" ind1=" " ind2=" ">
			<subfield code="a">GBV-deGruyter-PDA5EBK</subfield>
		</datafield>
		<datafield tag="912" ind1=" " ind2=" ">
			<subfield code="a">GBV-deGruyter-PDA7ENG</subfield>
		</datafield>
		<datafield tag="912" ind1=" " ind2=" ">
			<subfield code="a">ZDB-23-DGG</subfield>
			<subfield code="b">2018</subfield>
		</datafield>
	</record>