
	<record xmlns="http://www.loc.gov/MARC21/slim">
		<leader>04123nam a22006015i 4500</leader>
		<controlfield tag="001">9783050067636</controlfield>
		<controlfield tag="003">DE-B1597</controlfield>
		<controlfield tag="005">20180327123002.0</controlfield>
		<controlfield tag="006">m|||||o||d||||||||</controlfield>
		<controlfield tag="007">cr || ||||||||</controlfield>
		<controlfield tag="008">180327s2018    gw     fo  d z      ger d</controlfield>
		<datafield tag="020" ind1=" " ind2=" ">
			<subfield code="a">9783050067636</subfield>
		</datafield>
		<datafield tag="024" ind1="7" ind2=" ">
			<subfield code="a">10.1515/9783050067636</subfield>
			<subfield code="2">doi</subfield>
		</datafield>
		<datafield tag="035" ind1=" " ind2=" ">
			<subfield code="a">(DE-B1597)239387</subfield>
		</datafield>
		<datafield tag="040" ind1=" " ind2=" ">
			<subfield code="a">DE-B1597</subfield>
			<subfield code="b">eng</subfield>
			<subfield code="c">DE-B1597</subfield>
			<subfield code="e">rda</subfield>
		</datafield>
		<datafield tag="041" ind1="0" ind2=" ">
			<subfield code="a">ger</subfield>
		</datafield>
		<datafield tag="044" ind1=" " ind2=" ">
			<subfield code="a">gw</subfield>
			<subfield code="c">DE</subfield>
		</datafield>
		<datafield tag="072" ind1=" " ind2="7">
			<subfield code="a">PHI000000</subfield>
			<subfield code="2">bisacsh</subfield>
		</datafield>
		<datafield tag="072" ind1=" " ind2="7">
			<subfield code="a">PHI002000</subfield>
			<subfield code="2">bisacsh</subfield>
		</datafield>
		<datafield tag="072" ind1=" " ind2="7">
			<subfield code="a">PHI009000</subfield>
			<subfield code="2">bisacsh</subfield>
		</datafield>
		<datafield tag="100" ind1="1" ind2=" ">
			<subfield code="a">Aristoteles,</subfield>
			<subfield code="e">author.</subfield>
		</datafield>
		<datafield tag="245" ind1="1" ind2="0">
			<subfield code="a">Werke :</subfield>
			<subfield code="b">in deutscher Übersetzung. </subfield>
			<subfield code="n">Band 3/II, </subfield>
			<subfield code="p">Analytica posteriora /</subfield>
			<subfield code="c">Ernst Grumach, Christof Rapp.</subfield>
		</datafield>
		<datafield tag="250" ind1=" " ind2=" ">
			<subfield code="a">Reprint 2018</subfield>
		</datafield>
		<datafield tag="264" ind1=" " ind2="1">
			<subfield code="a">Berlin : </subfield>
			<subfield code="b">Akademie Verlag, </subfield>
			<subfield code="c">[2018]</subfield>
		</datafield>
		<datafield tag="264" ind1=" " ind2="4">
			<subfield code="c">©1993</subfield>
		</datafield>
		<datafield tag="300" ind1=" " ind2=" ">
			<subfield code="a">1 online resource :</subfield>
			<subfield code="b">Zahlr. Abb.</subfield>
		</datafield>
		<datafield tag="336" ind1=" " ind2=" ">
			<subfield code="a">text</subfield>
			<subfield code="b">txt</subfield>
			<subfield code="2">rdacontent</subfield>
		</datafield>
		<datafield tag="337" ind1=" " ind2=" ">
			<subfield code="a">computer</subfield>
			<subfield code="b">c</subfield>
			<subfield code="2">rdamedia</subfield>
		</datafield>
		<datafield tag="338" ind1=" " ind2=" ">
			<subfield code="a">online resource</subfield>
			<subfield code="b">cr</subfield>
			<subfield code="2">rdacarrier</subfield>
		</datafield>
		<datafield tag="347" ind1=" " ind2=" ">
			<subfield code="a">text file</subfield>
			<subfield code="b">PDF</subfield>
			<subfield code="2">rda</subfield>
		</datafield>
		<datafield tag="490" ind1="0" ind2=" ">
			<subfield code="a">Werke ;</subfield>
			<subfield code="v">Band 3/II</subfield>
		</datafield>
		<datafield tag="505" ind1="0" ind2="0">
			<subfield code="t">Frontmatter -- </subfield>
			<subfield code="t">INHALT -- </subfield>
			<subfield code="t">VORREDE -- </subfield>
			<subfield code="t">ZWEITE ANALYTIK -- </subfield>
			<subfield code="t">BUCH I -- </subfield>
			<subfield code="t">BUCH II -- </subfield>
			<subfield code="t">Ergänzungen zur Übersetzung -- </subfield>
			<subfield code="t">ERLÄUTERUNGEN -- </subfield>
			<subfield code="t">EINLEITUNG -- </subfield>
			<subfield code="t">1. Zum Text der Zweiten Analytik -- </subfield>
			<subfield code="t">2. Historischer Hintergrund -- </subfield>
			<subfield code="t">3. Die Logik der wissenschaftlichen Argumentation -- </subfield>
			<subfield code="t">4. Geometrische Abstraktion: Der Status der Mathematik -- </subfield>
			<subfield code="t">5. Wahrnehmung und Induktion -- </subfield>
			<subfield code="t">6. Forschungsergebnisse -- </subfield>
			<subfield code="t">ANHANG -- </subfield>
			<subfield code="t">Literaturverzeichnis -- </subfield>
			<subfield code="t">Indizes -- </subfield>
			<subfield code="t">Verzeichnis der Abkürzungen -- </subfield>
			<subfield code="t">ARISTOTELES -- </subfield>
			<subfield code="t">INHALT -- </subfield>
			<subfield code="t">Kapitel I 1 -- </subfield>
			<subfield code="t">Kapitel I 2 -- </subfield>
			<subfield code="t">Kapitel I 3 -- </subfield>
			<subfield code="t">Kapitel I 4 -- </subfield>
			<subfield code="t">Kapitel I 5 -- </subfield>
			<subfield code="t">Kapitel I 6 -- </subfield>
			<subfield code="t">Kapitel I 7 -- </subfield>
			<subfield code="t">Kapitel I 8 -- </subfield>
			<subfield code="t">Kapitel I 9 -- </subfield>
			<subfield code="t">Kapitel I 10 -- </subfield>
			<subfield code="t">Kapitel I 11 -- </subfield>
			<subfield code="t">Kapitel I 12 -- </subfield>
			<subfield code="t">Kapitel I 13 -- </subfield>
			<subfield code="t">Kapitel I 14 -- </subfield>
			<subfield code="t">Kapitel I 15 -- </subfield>
			<subfield code="t">Kapitel I 16 -- </subfield>
			<subfield code="t">Kapitel I 17 -- </subfield>
			<subfield code="t">Kapitel I 18 -- </subfield>
			<subfield code="t">Kapitel I 19 -- </subfield>
			<subfield code="t">Kapitel I 20 -- </subfield>
			<subfield code="t">Kapitel I 21 -- </subfield>
			<subfield code="t">Kapitel I 22 -- </subfield>
			<subfield code="t">Kapitel I 23 -- </subfield>
			<subfield code="t">Kapitel I 24 -- </subfield>
			<subfield code="t">Kapitel I 25 -- </subfield>
			<subfield code="t">Kapitel I 26 -- </subfield>
			<subfield code="t">Kapitel I 27 -- </subfield>
			<subfield code="t">Kapitel I 28 -- </subfield>
			<subfield code="t">Kapitel I 29 -- </subfield>
			<subfield code="t">Kapitel I 30 -- </subfield>
			<subfield code="t">Kapitel I 31 -- </subfield>
			<subfield code="t">Kapitel I 32 -- </subfield>
			<subfield code="t">Kapitel I 33 -- </subfield>
			<subfield code="t">Kapitel I 34 -- </subfield>
			<subfield code="t">Kapitel II 1 -- </subfield>
			<subfield code="t">Kapitel II 2 -- </subfield>
			<subfield code="t">Kapitel II 3 -- </subfield>
			<subfield code="t">Kapitel II 4 -- </subfield>
			<subfield code="t">Kapitel II 5 -- </subfield>
			<subfield code="t">Kapitel II 6 -- </subfield>
			<subfield code="t">Kapitel II 7 -- </subfield>
			<subfield code="t">Kapitel II 8 -- </subfield>
			<subfield code="t">Kapitel II 9 -- </subfield>
			<subfield code="t">Kapitel II 10 -- </subfield>
			<subfield code="t">Kapitel II 11 -- </subfield>
			<subfield code="t">Kapitel II 12 -- </subfield>
			<subfield code="t">Kapitel II 13 -- </subfield>
			<subfield code="t">Kapitel II 14 -- </subfield>
			<subfield code="t">Kapitel II 15 -- </subfield>
			<subfield code="t">Kapitel II 16 -- </subfield>
			<subfield code="t">Kapitel II 17 -- </subfield>
			<subfield code="t">Kapitel II 18 -- </subfield>
			<subfield code="t">Kapitel II 19</subfield>
		</datafield>
		<datafield tag="520" ind1=" " ind2=" ">
			<subfield code="a">"Jede Unterweisung und jedes verständige Erwerben von Wissen entsteht aus bereits vorhandener Kenntnis", beginnt Aristoteles seinen Text und entwickelt seine Lehre vom wissenschaftlichen Beweis, d. h. vom apodiktischen Schluss. Er deckt die Grundprinzipien der Erkenntnis auf, damit ein deduktivisch-wissenschaftliches Wissen möglich wird. Außer einer Präzisierung dieser Lehre unter dem Gesichtspunkt der Wahrheitsfindung werden auch Regeln für die sachgemäße Aufstellung von Definitionen unterbreitet – ein fundamentaler Beitrag zur Entstehung des Wissenschaftsbegriffs. Die Zweite Analytik des Aristoteles ist seit der Spätantike so kontinuierlich wie kaum eine andere philosophische Schrift diskutiert und ausgelegt worden.</subfield>
		</datafield>
		<datafield tag="538" ind1=" " ind2=" ">
			<subfield code="a">Mode of access: Internet via World Wide Web.</subfield>
		</datafield>
		<datafield tag="546" ind1=" " ind2=" ">
			<subfield code="a">In German.</subfield>
		</datafield>
		<datafield tag="588" ind1="0" ind2=" ">
			<subfield code="a">Description based on online resource; title from PDF title page (publisher's Web site, viewed 27. Mrz 2018)</subfield>
		</datafield>
		<datafield tag="650" ind1=" " ind2="4">
			<subfield code="a">Analytica.</subfield>
		</datafield>
		<datafield tag="650" ind1=" " ind2="4">
			<subfield code="a">Aristoteles.</subfield>
		</datafield>
		<datafield tag="650" ind1=" " ind2="4">
			<subfield code="a">Kommentar.</subfield>
		</datafield>
		<datafield tag="650" ind1=" " ind2="4">
			<subfield code="a">Übersetzung.</subfield>
		</datafield>
		<datafield tag="700" ind1="1" ind2=" ">
			<subfield code="a">Detel, Wolfgang.</subfield>
		</datafield>
		<datafield tag="700" ind1="1" ind2=" ">
			<subfield code="a">Grumach, Ernst, </subfield>
			<subfield code="e">editor.</subfield>
		</datafield>
		<datafield tag="700" ind1="1" ind2=" ">
			<subfield code="a">Rapp, Christof, </subfield>
			<subfield code="e">editor.</subfield>
		</datafield>
		<datafield tag="776" ind1="0" ind2=" ">
			<subfield code="c">print</subfield>
			<subfield code="z">9783050017969</subfield>
		</datafield>
		<datafield tag="856" ind1="4" ind2="0">
			<subfield code="u">https://doi.org/10.1515/9783050067636</subfield>
		</datafield>
		<datafield tag="856" ind1="4" ind2="2">
			<subfield code="3">Cover</subfield>
			<subfield code="u">https://www.degruyter.com/doc/cover/9783050067636.jpg</subfield>
		</datafield>
		<datafield tag="912" ind1=" " ind2=" ">
			<subfield code="a">GBV-deGruyter-alles</subfield>
		</datafield>
		<datafield tag="912" ind1=" " ind2=" ">
			<subfield code="a">GBV-deGruyter-PDA11SSHE</subfield>
		</datafield>
		<datafield tag="912" ind1=" " ind2=" ">
			<subfield code="a">GBV-deGruyter-PDA14ALL</subfield>
		</datafield>
		<datafield tag="912" ind1=" " ind2=" ">
			<subfield code="a">GBV-deGruyter-PDA16SSH</subfield>
		</datafield>
		<datafield tag="912" ind1=" " ind2=" ">
			<subfield code="a">GBV-deGruyter-PDA1ALL</subfield>
		</datafield>
		<datafield tag="912" ind1=" " ind2=" ">
			<subfield code="a">GBV-deGruyter-PDA2HUM</subfield>
		</datafield>
		<datafield tag="912" ind1=" " ind2=" ">
			<subfield code="a">GBV-deGruyter-PDA5EBK</subfield>
		</datafield>
	</record>