
	<record xmlns="http://www.loc.gov/MARC21/slim">
		<leader>03240nam a22005175i 4500</leader>
		<controlfield tag="001">9783050068992</controlfield>
		<controlfield tag="003">DE-B1597</controlfield>
		<controlfield tag="005">20180327123002.0</controlfield>
		<controlfield tag="006">m|||||o||d||||||||</controlfield>
		<controlfield tag="007">cr || ||||||||</controlfield>
		<controlfield tag="008">180327s2018    gw     fo  d z      ger d</controlfield>
		<datafield tag="020" ind1=" " ind2=" ">
			<subfield code="a">9783050068992</subfield>
		</datafield>
		<datafield tag="024" ind1="7" ind2=" ">
			<subfield code="a">10.1515/9783050068992</subfield>
			<subfield code="2">doi</subfield>
		</datafield>
		<datafield tag="035" ind1=" " ind2=" ">
			<subfield code="a">(DE-B1597)237786</subfield>
		</datafield>
		<datafield tag="040" ind1=" " ind2=" ">
			<subfield code="a">DE-B1597</subfield>
			<subfield code="b">eng</subfield>
			<subfield code="c">DE-B1597</subfield>
			<subfield code="e">rda</subfield>
		</datafield>
		<datafield tag="041" ind1="0" ind2=" ">
			<subfield code="a">ger</subfield>
		</datafield>
		<datafield tag="044" ind1=" " ind2=" ">
			<subfield code="a">gw</subfield>
			<subfield code="c">DE</subfield>
		</datafield>
		<datafield tag="072" ind1=" " ind2="7">
			<subfield code="a">PHI000000</subfield>
			<subfield code="2">bisacsh</subfield>
		</datafield>
		<datafield tag="072" ind1=" " ind2="7">
			<subfield code="a">SCI034000</subfield>
			<subfield code="2">bisacsh</subfield>
		</datafield>
		<datafield tag="245" ind1="0" ind2="0">
			<subfield code="a">Experimentalisierung des Lebens :</subfield>
			<subfield code="b">Experimentalsysteme in den biologischen Wissenschaften 1850/1950 /</subfield>
			<subfield code="c">Hans-Jörg Rheinberger, Michael Hagner.</subfield>
		</datafield>
		<datafield tag="250" ind1=" " ind2=" ">
			<subfield code="a">Reprint 2018</subfield>
		</datafield>
		<datafield tag="264" ind1=" " ind2="1">
			<subfield code="a">Berlin : </subfield>
			<subfield code="b">Akademie Verlag, </subfield>
			<subfield code="c">[2018]</subfield>
		</datafield>
		<datafield tag="264" ind1=" " ind2="4">
			<subfield code="c">©1995</subfield>
		</datafield>
		<datafield tag="300" ind1=" " ind2=" ">
			<subfield code="a">1 online resource </subfield>
		</datafield>
		<datafield tag="336" ind1=" " ind2=" ">
			<subfield code="a">text</subfield>
			<subfield code="b">txt</subfield>
			<subfield code="2">rdacontent</subfield>
		</datafield>
		<datafield tag="337" ind1=" " ind2=" ">
			<subfield code="a">computer</subfield>
			<subfield code="b">c</subfield>
			<subfield code="2">rdamedia</subfield>
		</datafield>
		<datafield tag="338" ind1=" " ind2=" ">
			<subfield code="a">online resource</subfield>
			<subfield code="b">cr</subfield>
			<subfield code="2">rdacarrier</subfield>
		</datafield>
		<datafield tag="347" ind1=" " ind2=" ">
			<subfield code="a">text file</subfield>
			<subfield code="b">PDF</subfield>
			<subfield code="2">rda</subfield>
		</datafield>
		<datafield tag="505" ind1="0" ind2="0">
			<subfield code="t">Frontmatter -- </subfield>
			<subfield code="t">Inhaltsverzeichnis -- </subfield>
			<subfield code="t">Experimentalsysteme / </subfield>
			<subfield code="r">Rheinberger, Hans-Jörg / Hagner, Michael -- </subfield>
			<subfield code="t">Die ,Methode der Kurven' in der Physiologie zwischen 1850 und 1900 / </subfield>
			<subfield code="r">Chadarevian, Soraya De -- </subfield>
			<subfield code="t">Farbensehen, Tonempfindung und der Telegraph Helmholtz und die Materialität der Kommunikation / </subfield>
			<subfield code="r">Lenoir, Timothy -- </subfield>
			<subfield code="t">Pathologische Erythrozytendeformation und renale Hämaturie Fragmente aus dem Leben einer nicht gemachten Entdeckung / </subfield>
			<subfield code="r">Wahrig-Schmidt, Bettina / Hildebrandt, Friedhelm -- </subfield>
			<subfield code="t">Die elektrische Erregbarkeit des Gehirns Zur Konjunktur eines Experiments / </subfield>
			<subfield code="r">Hagner, Michael -- </subfield>
			<subfield code="t">Pathologie bei Virchow und Traube Experimentalstrategien in unterschiedlichem Kontext / </subfield>
			<subfield code="r">Schmiedebach, Heinz-Peter -- </subfield>
			<subfield code="t">Das Experiment nach Mendel / </subfield>
			<subfield code="r">Olby, Robert -- </subfield>
			<subfield code="t">Labortests und die gemeinsame Klassifikation von Sexualität und Geschlecht / </subfield>
			<subfield code="r">Oudshoorn, Nelly -- </subfield>
			<subfield code="t">Vom Mikrosom zum Ribosom Strategien' der Repräsentation' 1935—1955 / </subfield>
			<subfield code="r">Rheinberger, Hans-Jörg -- </subfield>
			<subfield code="t">Unscharfe Begriffe und föderative Experimentalstrategien. Die immunologische Konstruktion des Selbst / </subfield>
			<subfield code="r">Löwy, Ilana -- </subfield>
			<subfield code="t">Der neue Experimentalismus in der Wissenschaftstheorie / </subfield>
			<subfield code="r">Mclaughlin, Peter -- </subfield>
			<subfield code="t">Experimentalstrategien — Realstrategien? / </subfield>
			<subfield code="r">Meinel, Christoph -- </subfield>
			<subfield code="t">Schein versus Simulation, Kritik versus Dekonstruktion Wie man von Experimentalstrategien in den biologischen Wissenschaften (nicht) spricht Ein außerdisziplinärer Kommentar / </subfield>
			<subfield code="r">Siegert, Bernhard -- </subfield>
			<subfield code="t">Autorenverzeichnis -- </subfield>
			<subfield code="t">Namenverzeichnis</subfield>
		</datafield>
		<datafield tag="538" ind1=" " ind2=" ">
			<subfield code="a">Mode of access: Internet via World Wide Web.</subfield>
		</datafield>
		<datafield tag="546" ind1=" " ind2=" ">
			<subfield code="a">In German.</subfield>
		</datafield>
		<datafield tag="588" ind1="0" ind2=" ">
			<subfield code="a">Description based on online resource; title from PDF title page (publisher's Web site, viewed 27. Mrz 2018)</subfield>
		</datafield>
		<datafield tag="650" ind1=" " ind2="4">
			<subfield code="a">Biowissenschaften.</subfield>
		</datafield>
		<datafield tag="650" ind1=" " ind2="4">
			<subfield code="a">Experiment.</subfield>
		</datafield>
		<datafield tag="700" ind1="1" ind2=" ">
			<subfield code="a">Hagner, Michael, </subfield>
			<subfield code="e">editor.</subfield>
		</datafield>
		<datafield tag="700" ind1="1" ind2=" ">
			<subfield code="a">Rheinberger, Hans-Jörg, </subfield>
			<subfield code="e">editor.</subfield>
		</datafield>
		<datafield tag="776" ind1="0" ind2=" ">
			<subfield code="c">print</subfield>
			<subfield code="z">9783050023076</subfield>
		</datafield>
		<datafield tag="856" ind1="4" ind2="0">
			<subfield code="u">https://doi.org/10.1515/9783050068992</subfield>
		</datafield>
		<datafield tag="856" ind1="4" ind2="2">
			<subfield code="3">Cover</subfield>
			<subfield code="u">https://www.degruyter.com/doc/cover/9783050068992.jpg</subfield>
		</datafield>
		<datafield tag="912" ind1=" " ind2=" ">
			<subfield code="a">GBV-deGruyter-alles</subfield>
		</datafield>
		<datafield tag="912" ind1=" " ind2=" ">
			<subfield code="a">GBV-deGruyter-PDA11SSHE</subfield>
		</datafield>
		<datafield tag="912" ind1=" " ind2=" ">
			<subfield code="a">GBV-deGruyter-PDA14ALL</subfield>
		</datafield>
		<datafield tag="912" ind1=" " ind2=" ">
			<subfield code="a">GBV-deGruyter-PDA16SSH</subfield>
		</datafield>
		<datafield tag="912" ind1=" " ind2=" ">
			<subfield code="a">GBV-deGruyter-PDA1ALL</subfield>
		</datafield>
		<datafield tag="912" ind1=" " ind2=" ">
			<subfield code="a">GBV-deGruyter-PDA2HUM</subfield>
		</datafield>
		<datafield tag="912" ind1=" " ind2=" ">
			<subfield code="a">GBV-deGruyter-PDA5EBK</subfield>
		</datafield>
	</record>