
	<record xmlns="http://www.loc.gov/MARC21/slim">
		<leader>03791nam a22006015i 4500</leader>
		<controlfield tag="001">9783050069074</controlfield>
		<controlfield tag="003">DE-B1597</controlfield>
		<controlfield tag="005">20180327123002.0</controlfield>
		<controlfield tag="006">m|||||o||d||||||||</controlfield>
		<controlfield tag="007">cr || ||||||||</controlfield>
		<controlfield tag="008">180327s2018    gw     fo  d z      ger d</controlfield>
		<datafield tag="020" ind1=" " ind2=" ">
			<subfield code="a">9783050069074</subfield>
		</datafield>
		<datafield tag="024" ind1="7" ind2=" ">
			<subfield code="a">10.1515/9783050069074</subfield>
			<subfield code="2">doi</subfield>
		</datafield>
		<datafield tag="035" ind1=" " ind2=" ">
			<subfield code="a">(DE-B1597)237794</subfield>
		</datafield>
		<datafield tag="040" ind1=" " ind2=" ">
			<subfield code="a">DE-B1597</subfield>
			<subfield code="b">eng</subfield>
			<subfield code="c">DE-B1597</subfield>
			<subfield code="e">rda</subfield>
		</datafield>
		<datafield tag="041" ind1="0" ind2=" ">
			<subfield code="a">ger</subfield>
		</datafield>
		<datafield tag="044" ind1=" " ind2=" ">
			<subfield code="a">gw</subfield>
			<subfield code="c">DE</subfield>
		</datafield>
		<datafield tag="072" ind1=" " ind2="7">
			<subfield code="a">ART015070</subfield>
			<subfield code="2">bisacsh</subfield>
		</datafield>
		<datafield tag="072" ind1=" " ind2="7">
			<subfield code="a">ART028000</subfield>
			<subfield code="2">bisacsh</subfield>
		</datafield>
		<datafield tag="072" ind1=" " ind2="7">
			<subfield code="a">HIS000000</subfield>
			<subfield code="2">bisacsh</subfield>
		</datafield>
		<datafield tag="072" ind1=" " ind2="7">
			<subfield code="a">HIS014000</subfield>
			<subfield code="2">bisacsh</subfield>
		</datafield>
		<datafield tag="072" ind1=" " ind2="7">
			<subfield code="a">HIS037010</subfield>
			<subfield code="2">bisacsh</subfield>
		</datafield>
		<datafield tag="072" ind1=" " ind2="7">
			<subfield code="a">LAW000000</subfield>
			<subfield code="2">bisacsh</subfield>
		</datafield>
		<datafield tag="072" ind1=" " ind2="7">
			<subfield code="a">SCI000000</subfield>
			<subfield code="2">bisacsh</subfield>
		</datafield>
		<datafield tag="100" ind1="1" ind2=" ">
			<subfield code="a">Repgow, Eike von,</subfield>
			<subfield code="e">author.</subfield>
		</datafield>
		<datafield tag="245" ind1="1" ind2="0">
			<subfield code="a">Sachsenspiegel :</subfield>
			<subfield code="b">Die Wolfenbütteler Bilderhandschrift Cod. Guelf 3. 1. Aug 2° /</subfield>
			<subfield code="c">Eike von Repgow; Ruth Schmidt-Wiegand.</subfield>
		</datafield>
		<datafield tag="250" ind1=" " ind2=" ">
			<subfield code="a">Reprint 2018</subfield>
		</datafield>
		<datafield tag="264" ind1=" " ind2="1">
			<subfield code="a">Berlin : </subfield>
			<subfield code="b">Akademie Verlag, </subfield>
			<subfield code="c">[2018]</subfield>
		</datafield>
		<datafield tag="264" ind1=" " ind2="4">
			<subfield code="c">©1993</subfield>
		</datafield>
		<datafield tag="300" ind1=" " ind2=" ">
			<subfield code="a">1 online resource (987 p.):</subfield>
			<subfield code="b">171 Faks.</subfield>
		</datafield>
		<datafield tag="336" ind1=" " ind2=" ">
			<subfield code="a">text</subfield>
			<subfield code="b">txt</subfield>
			<subfield code="2">rdacontent</subfield>
		</datafield>
		<datafield tag="337" ind1=" " ind2=" ">
			<subfield code="a">computer</subfield>
			<subfield code="b">c</subfield>
			<subfield code="2">rdamedia</subfield>
		</datafield>
		<datafield tag="338" ind1=" " ind2=" ">
			<subfield code="a">online resource</subfield>
			<subfield code="b">cr</subfield>
			<subfield code="2">rdacarrier</subfield>
		</datafield>
		<datafield tag="347" ind1=" " ind2=" ">
			<subfield code="a">text file</subfield>
			<subfield code="b">PDF</subfield>
			<subfield code="2">rda</subfield>
		</datafield>
		<datafield tag="505" ind1="0" ind2="0">
			<subfield code="t">Frontmatter -- </subfield>
			<subfield code="t">Geleitwort -- </subfield>
			<subfield code="t">Inhalt -- </subfield>
			<subfield code="t">Einführung in die Ausgabe / </subfield>
			<subfield code="r">Schmidt-Wiegand, Ruth -- </subfield>
			<subfield code="t">Kodikologische Einführung / </subfield>
			<subfield code="r">Milde, Wolfgang -- </subfield>
			<subfield code="t">Abgekürzt zitierte Quellen und Literatur -- </subfield>
			<subfield code="t">Diplomatische Umschrift, zitierfähiger Text, neuhochdeutsche Übersetzung, Text-Bildleisten-Kommentar fol. 1- 56 -- </subfield>
			<subfield code="t">Diplomatische Umschrift, zitierfähiger Text, neuhochdeutsche Übersetzung, Text-Bildleisten-Kommentar fol. 57-86 -- </subfield>
			<subfield code="t">Abbildungen -- </subfield>
			<subfield code="t">Front matter 2 -- </subfield>
			<subfield code="t">Vorwort -- </subfield>
			<subfield code="t">Inhalt -- </subfield>
			<subfield code="t">Die Wolfenbütteler Bilderhandschrift im Kreis der Codices picturati des Sachsenspiegels / </subfield>
			<subfield code="r">Schmidt-Wiegand, Ruth -- </subfield>
			<subfield code="t">Der Sachsenspiegel als mittelalterliches Rechtsbuch / </subfield>
			<subfield code="r">Schott, Clausdieter -- </subfield>
			<subfield code="t">Entstehung des Sachsenspiegels und Landesgeschichte / </subfield>
			<subfield code="r">Lieberwirth, Rolf -- </subfield>
			<subfield code="t">Die Wirkungsgeschichte des Sachsenspiegels / </subfield>
			<subfield code="r">Lieberwirth, Rolf -- </subfield>
			<subfield code="t">Kaiser, König und Reich in der Wolfenbütteler Bilderhandschrift des Sachsenspiegels / </subfield>
			<subfield code="r">Schmidt, Roderich -- </subfield>
			<subfield code="t">Die Wappen in der Wolfenbütteler Bilderhandschrift des Sachsenspiegels -- </subfield>
			<subfield code="t">Die Rechtsikonographie / </subfield>
			<subfield code="r">Kocher, Gernot -- </subfield>
			<subfield code="t">Rechtsikonographie zwischen Mündlichkeit und Schriftlichkeit / </subfield>
			<subfield code="r">Ott, Norbert Η. -- </subfield>
			<subfield code="t">Die Bildersprache. / </subfield>
			<subfield code="r">Hüpper, Dagmar -- </subfield>
			<subfield code="t">Kleidung / </subfield>
			<subfield code="r">Hüpper, Dagmar -- </subfield>
			<subfield code="t">Die Gebärdensprache in der Wolfenbütteler Bilderhandschrift des Sachsenspiegels / </subfield>
			<subfield code="r">Lade-Messerschmied, Ulrike -- </subfield>
			<subfield code="t">Sprache und Stil der Wolfenbütteler Bilderhandschrift / </subfield>
			<subfield code="r">Schmidt-Wiegand, Ruth -- </subfield>
			<subfield code="t">Der Rechtswortschatz / </subfield>
			<subfield code="r">Schmidt-Wiegand, Ruth -- </subfield>
			<subfield code="t">Die Dresdener Bilderhandschrift des Sachsenspiegels / </subfield>
			<subfield code="r">Janz, Brigitte -- </subfield>
			<subfield code="t">Anhang -- </subfield>
			<subfield code="t">Namenregister / </subfield>
			<subfield code="r">Scheele, Friedrich -- </subfield>
			<subfield code="t">Synopse / </subfield>
			<subfield code="r">Lieberwirth, Rolf -- </subfield>
			<subfield code="t">Ergänzungsblätter aus der Dresdener Bilderhandschrift</subfield>
		</datafield>
		<datafield tag="538" ind1=" " ind2=" ">
			<subfield code="a">Mode of access: Internet via World Wide Web.</subfield>
		</datafield>
		<datafield tag="546" ind1=" " ind2=" ">
			<subfield code="a">In German.</subfield>
		</datafield>
		<datafield tag="588" ind1="0" ind2=" ">
			<subfield code="a">Description based on online resource; title from PDF title page (publisher's Web site, viewed 27. Mrz 2018)</subfield>
		</datafield>
		<datafield tag="650" ind1=" " ind2="4">
			<subfield code="a">Eike, von Repgow: Sachsenspiegel (Herzog August Bibliothek), Cod. 3. 1. Aug. fol.</subfield>
		</datafield>
		<datafield tag="700" ind1="1" ind2=" ">
			<subfield code="a">Schmidt-Wiegand, Ruth, </subfield>
			<subfield code="e">editor.</subfield>
		</datafield>
		<datafield tag="776" ind1="0" ind2=" ">
			<subfield code="c">print</subfield>
			<subfield code="z">9783050023588</subfield>
		</datafield>
		<datafield tag="856" ind1="4" ind2="0">
			<subfield code="u">https://doi.org/10.1515/9783050069074</subfield>
		</datafield>
		<datafield tag="856" ind1="4" ind2="2">
			<subfield code="3">Cover</subfield>
			<subfield code="u">https://www.degruyter.com/doc/cover/9783050069074.jpg</subfield>
		</datafield>
		<datafield tag="912" ind1=" " ind2=" ">
			<subfield code="a">GBV-deGruyter-alles</subfield>
		</datafield>
		<datafield tag="912" ind1=" " ind2=" ">
			<subfield code="a">GBV-deGruyter-PDA11SSHE</subfield>
		</datafield>
		<datafield tag="912" ind1=" " ind2=" ">
			<subfield code="a">GBV-deGruyter-PDA12STME</subfield>
		</datafield>
		<datafield tag="912" ind1=" " ind2=" ">
			<subfield code="a">GBV-deGruyter-PDA14ALL</subfield>
		</datafield>
		<datafield tag="912" ind1=" " ind2=" ">
			<subfield code="a">GBV-deGruyter-PDA15STM</subfield>
		</datafield>
		<datafield tag="912" ind1=" " ind2=" ">
			<subfield code="a">GBV-deGruyter-PDA16SSH</subfield>
		</datafield>
		<datafield tag="912" ind1=" " ind2=" ">
			<subfield code="a">GBV-deGruyter-PDA1ALL</subfield>
		</datafield>
		<datafield tag="912" ind1=" " ind2=" ">
			<subfield code="a">GBV-deGruyter-PDA2HUM</subfield>
		</datafield>
		<datafield tag="912" ind1=" " ind2=" ">
			<subfield code="a">GBV-deGruyter-PDA3STM</subfield>
		</datafield>
		<datafield tag="912" ind1=" " ind2=" ">
			<subfield code="a">GBV-deGruyter-PDA5EBK</subfield>
		</datafield>
	</record>