
	<record xmlns="http://www.loc.gov/MARC21/slim">
		<leader>10361nam a22005775i 4500</leader>
		<controlfield tag="001">9783050069630</controlfield>
		<controlfield tag="003">DE-B1597</controlfield>
		<controlfield tag="005">20180327123002.0</controlfield>
		<controlfield tag="006">m|||||o||d||||||||</controlfield>
		<controlfield tag="007">cr || ||||||||</controlfield>
		<controlfield tag="008">180327s2018    gw     fo  d z      ger d</controlfield>
		<datafield tag="020" ind1=" " ind2=" ">
			<subfield code="a">9783050069630</subfield>
		</datafield>
		<datafield tag="024" ind1="7" ind2=" ">
			<subfield code="a">10.1515/9783050069630</subfield>
			<subfield code="2">doi</subfield>
		</datafield>
		<datafield tag="035" ind1=" " ind2=" ">
			<subfield code="a">(DE-B1597)237852</subfield>
		</datafield>
		<datafield tag="040" ind1=" " ind2=" ">
			<subfield code="a">DE-B1597</subfield>
			<subfield code="b">eng</subfield>
			<subfield code="c">DE-B1597</subfield>
			<subfield code="e">rda</subfield>
		</datafield>
		<datafield tag="041" ind1="0" ind2=" ">
			<subfield code="a">ger</subfield>
		</datafield>
		<datafield tag="044" ind1=" " ind2=" ">
			<subfield code="a">gw</subfield>
			<subfield code="c">DE</subfield>
		</datafield>
		<datafield tag="072" ind1=" " ind2="7">
			<subfield code="a">HIS000000</subfield>
			<subfield code="2">bisacsh</subfield>
		</datafield>
		<datafield tag="072" ind1=" " ind2="7">
			<subfield code="a">HIS010000</subfield>
			<subfield code="2">bisacsh</subfield>
		</datafield>
		<datafield tag="072" ind1=" " ind2="7">
			<subfield code="a">HIS037070</subfield>
			<subfield code="2">bisacsh</subfield>
		</datafield>
		<datafield tag="245" ind1="0" ind2="0">
			<subfield code="a">Jahrbuch für historische Kommunismusforschung. </subfield>
			<subfield code="p">1993 /</subfield>
			<subfield code="c">Mannheimer Zentrum für Europäische Sozialforschung, Hermann Weber.</subfield>
		</datafield>
		<datafield tag="250" ind1=" " ind2=" ">
			<subfield code="a">Reprint 2018</subfield>
		</datafield>
		<datafield tag="264" ind1=" " ind2="1">
			<subfield code="a">Berlin : </subfield>
			<subfield code="b">Akademie Verlag, </subfield>
			<subfield code="c">[2018]</subfield>
		</datafield>
		<datafield tag="264" ind1=" " ind2="4">
			<subfield code="c">©1995</subfield>
		</datafield>
		<datafield tag="300" ind1=" " ind2=" ">
			<subfield code="a">1 online resource </subfield>
		</datafield>
		<datafield tag="336" ind1=" " ind2=" ">
			<subfield code="a">text</subfield>
			<subfield code="b">txt</subfield>
			<subfield code="2">rdacontent</subfield>
		</datafield>
		<datafield tag="337" ind1=" " ind2=" ">
			<subfield code="a">computer</subfield>
			<subfield code="b">c</subfield>
			<subfield code="2">rdamedia</subfield>
		</datafield>
		<datafield tag="338" ind1=" " ind2=" ">
			<subfield code="a">online resource</subfield>
			<subfield code="b">cr</subfield>
			<subfield code="2">rdacarrier</subfield>
		</datafield>
		<datafield tag="347" ind1=" " ind2=" ">
			<subfield code="a">text file</subfield>
			<subfield code="b">PDF</subfield>
			<subfield code="2">rda</subfield>
		</datafield>
		<datafield tag="490" ind1="0" ind2=" ">
			<subfield code="a">Jahrbuch für historische Kommunismusforschung</subfield>
		</datafield>
		<datafield tag="505" ind1="0" ind2="0">
			<subfield code="t">Frontmatter -- </subfield>
			<subfield code="t">Inhalt -- </subfield>
			<subfield code="t">Zur Einführung -- </subfield>
			<subfield code="t">Abhandlungen -- </subfield>
			<subfield code="t">Der Stalinismus in der Sowjetunion der dreißiger Jahre. Zur Deformation einer Gesellschaft / </subfield>
			<subfield code="r">Bonwetsch, Bernd -- </subfield>
			<subfield code="t">Die Kaderschulung der Komintern / </subfield>
			<subfield code="r">Babitschenko, Leonid G. -- </subfield>
			<subfield code="t">Einige Aspekte der stalinistischen "Säuberungen" in der russischen Provinz / </subfield>
			<subfield code="r">Boterbloem, Kees N. -- </subfield>
			<subfield code="t">Aufsätze und Miszellen -- </subfield>
			<subfield code="t">Die Russische Delegation in der Komintern: Machtzentrum des internationalen Kommunismus zwischen Sinowjew und Stalin / </subfield>
			<subfield code="r">Watlin, Alexandr -- </subfield>
			<subfield code="t">Sowjetische Berater in den zentralen wirtschaftsleitenden Instanzen der DDR in der zweiten Hälfte der fünfziger Jahre / </subfield>
			<subfield code="r">Steiner, André -- </subfield>
			<subfield code="t">"Den guten Namen wiederherstellen". Über die Rehabilitierung von Stalin-Opfern in der Sowjetunion / </subfield>
			<subfield code="r">Tischler, Carola -- </subfield>
			<subfield code="t">Das Internationale Kolonialbüro der Komintern in Paris / </subfield>
			<subfield code="r">Haikai, Mustafa -- </subfield>
			<subfield code="t">Die Generation der "Bolschewisierer" in der Kommunistischen Partei Griechenlands (KPG) / </subfield>
			<subfield code="r">Noutsos, Panagiotis -- </subfield>
			<subfield code="t">Paul Merkers "Unverständnis" für den Hitler-Stalin-Pakt. Gespräche mit dem "Sowjetfeind" / </subfield>
			<subfield code="r">Kießling, Wolfgang -- </subfield>
			<subfield code="t">Forum -- </subfield>
			<subfield code="t">Gedanken zu Lenin (über die Mittel-Zweck-Relation in der Politik) / </subfield>
			<subfield code="r">Rüge, Wolfgang -- </subfield>
			<subfield code="t">Die Instrumentalisierung des Marxismus-Leninismus / </subfield>
			<subfield code="r">Weber, Hermann -- </subfield>
			<subfield code="t">Dokumentation -- </subfield>
			<subfield code="t">Neue Dokumente zur Kursänderung 1934/1935 in der KPD / </subfield>
			<subfield code="r">Lewin, Erwin -- </subfield>
			<subfield code="t">Die Kommunistische Partei Jugoslawiens und die Komintern. Dokumente zur "jugoslawischen Frage" 1936 / </subfield>
			<subfield code="r">Mujbegovic, Vera / Vujosevic, Ubavka -- </subfield>
			<subfield code="t">"Klassengegner gelungen einzudringen ..."2 Fallstudie zur Anatomie politischer Verfolgungskampagnen am Beispiel der Sektion Geschichte der Humboldt-Universität zu Berlin in den Jahren 1968 bis 1972 / </subfield>
			<subfield code="r">Eckert, Rainer / Günther, Mechthild / Wolle, Stefan -- </subfield>
			<subfield code="t">Biographische Skizzen/Zeitzeugenberichte -- </subfield>
			<subfield code="t">Blutige Vergangenheit / </subfield>
			<subfield code="r">Jakowlew, Alexandr N. -- </subfield>
			<subfield code="t">Der Fall Dattan - Eine Skizze zu den KPD-Opfern Stalins und ihrer Rehabilitierung / </subfield>
			<subfield code="r">Dietrich, Werner -- </subfield>
			<subfield code="t">Berta Zimmermann - eine Schweizer Kommunistin im Geheimapparat der Komintern / </subfield>
			<subfield code="r">Huber, Peter -- </subfield>
			<subfield code="t">Forschungs- und Archivberichte/ Bibliographien -- </subfield>
			<subfield code="t">Verbannungen der Einwohner Litauens in den Jahren 1941 und 1945-1952: Überblick über Publikationen der Jahre 1988-1992 / </subfield>
			<subfield code="r">Kasauskiene, Vanda -- </subfield>
			<subfield code="t">Sozialgeschichte der Industriearbeiterschaft in der SBZ/DDR. Bemerkungen zu Forschungstendenzen in Deutschland seit 1989 / </subfield>
			<subfield code="r">Hübner, Peter -- </subfield>
			<subfield code="t">Neue russische Zeitschriften / </subfield>
			<subfield code="r">Scherstjanoi, Elke -- </subfield>
			<subfield code="t">Zur Situation in Moskauer Archiven / </subfield>
			<subfield code="r">Foitzik, Jan -- </subfield>
			<subfield code="t">Zur Archivlage in der Tschechischen und in der Slowakischen Republik / </subfield>
			<subfield code="r">Foitzik, Jan -- </subfield>
			<subfield code="t">Das "Gedächtnis" der Partei. Biographische und andere Bestände im Zentralen Parteiarchiv der SED in der "Stiftung Archiv der Parteien und Massenorganisationen der DDR im Bundesarchiv / </subfield>
			<subfield code="r">Hartewig, Karin -- </subfield>
			<subfield code="t">25 Jahre nach dem "Prager Frühling". Eine Auswahlbibliographie der im Westen erschienenen Literatur zum "Sozialismus mit menschlichem Antlitz" und seiner Zerschlagung / </subfield>
			<subfield code="r">Hoffend, Andrea / Tessmer, Carsten -- </subfield>
			<subfield code="t">Tagungsberichte -- </subfield>
			<subfield code="t">Konferenz zur Geschichte des "Kalten Krieges" vom 12. bis 15. Januar 1993 in Moskau / </subfield>
			<subfield code="r">Miljakowa, Lidija -- </subfield>
			<subfield code="t">Lenin ohne Ismus. Das internationale Symposium "Lenin - Theorie und Praxis in historischer Perspektive" vom 15. bis 18. März 1993 in Wuppertal / </subfield>
			<subfield code="r">Petersdorf, Jutta -- </subfield>
			<subfield code="t">Bericht über das IX. Kolloquium zur Geschichte der DDR der Ost-Akademie Lüneburg vom 20. bis 22. November 1992 Sammelrezensionen / </subfield>
			<subfield code="r">Rißmann, Martin -- </subfield>
			<subfield code="t">Sammelrezensionen -- </subfield>
			<subfield code="t">Literatur zur Geschichte der Sowjetunion / </subfield>
			<subfield code="r">Hecker, Hans -- </subfield>
			<subfield code="t">Neue 'westliche' Veröffentlichungen zur russischen Revolutionsgeschichte / </subfield>
			<subfield code="r">Heller, Klaus -- </subfield>
			<subfield code="t">Stalin und der Stalinismus / </subfield>
			<subfield code="r">Häfner, Lutz -- </subfield>
			<subfield code="t">Nationalitätenkonflikte / </subfield>
			<subfield code="r">Kipke, Rüdiger -- </subfield>
			<subfield code="t">Frauen in der Sowjetunion / </subfield>
			<subfield code="r">Petersdorf, Jutta -- </subfield>
			<subfield code="t">Der sowjetische Geheimdienst in der Geschichte der UdSSR / </subfield>
			<subfield code="r">Rüge, Wolfgang -- </subfield>
			<subfield code="t">Osteuropa im Umbruch - 1945 und 1989 / </subfield>
			<subfield code="r">Foitzik, Jan -- </subfield>
			<subfield code="t">Ungarn im Umbruch / </subfield>
			<subfield code="r">Szekely, Gabor -- </subfield>
			<subfield code="t">Auf der Suche nach Vergangenheit und Zukunft / </subfield>
			<subfield code="r">Bortfeldt, Heinrich -- </subfield>
			<subfield code="t">Der Zusammenbruch der Sowjetsysteme / </subfield>
			<subfield code="r">Osers, Jan -- </subfield>
			<subfield code="t">Britischer Kommunismus / </subfield>
			<subfield code="r">Tosstorff, Reiner -- </subfield>
			<subfield code="t">Schauprozesse / </subfield>
			<subfield code="r">Osers, Jan -- </subfield>
			<subfield code="t">DDR-Geschichtswissenschaft im Umbruch / </subfield>
			<subfield code="r">Sywottek, Arnold -- </subfield>
			<subfield code="t">Das Ministerium für Staatssicherheit / </subfield>
			<subfield code="r">Werkentin, Falco -- </subfield>
			<subfield code="t">Kulturhistorische Aspekte der DDR-Geschichte. Die Spur der Steine vom Turm zu Babel oder von den Rittern der Tafelrunde und den von der traurigen Gestalt / </subfield>
			<subfield code="r">Dietrich, Gerd -- </subfield>
			<subfield code="t">"Säuberung" und Repression in der SBZ/DDR / </subfield>
			<subfield code="r">Kilian, Achim -- </subfield>
			<subfield code="t">Der Umbruch in der DDR / </subfield>
			<subfield code="r">Heydemann, Günther -- </subfield>
			<subfield code="t">Trotzki / </subfield>
			<subfield code="r">Gödeke, Herwig -- </subfield>
			<subfield code="t">Antonio Gramsci / </subfield>
			<subfield code="r">Wörsdörfer, Rolf -- </subfield>
			<subfield code="t">Nicolae Ceausescu / </subfield>
			<subfield code="r">Grieger, Manfred -- </subfield>
			<subfield code="t">Jürgen Kuczynski / </subfield>
			<subfield code="r">Gransow, Volker -- </subfield>
			<subfield code="t">Robert Havemann / </subfield>
			<subfield code="r">Ehnert, Gunter -- </subfield>
			<subfield code="t">Einzelrezensionen -- </subfield>
			<subfield code="t">Geburt und Verfall eines Imperiums. Die UdSSR 1917-1991 (Foitzik) / </subfield>
			<subfield code="r">Smaga, J. -- </subfield>
			<subfield code="t">Patronage and Politics in the USSR (Zarusky) / </subfield>
			<subfield code="r">Willerton, J. P. -- </subfield>
			<subfield code="t">Before Stalinism (Lauscher) / </subfield>
			<subfield code="r">Farber, S. -- </subfield>
			<subfield code="t">1929 - Das Jahr des großen Umschwungs (Mai) / </subfield>
			<subfield code="r">Bucharin, N. -- </subfield>
			<subfield code="t">The Kremlin and the Schoolhouse (Sergeeva) / </subfield>
			<subfield code="r">Holmes, L. E. -- </subfield>
			<subfield code="t">Im Dienste der Sowjetunion (Doernberg) / </subfield>
			<subfield code="r">Gribkow, A. I. -- </subfield>
			<subfield code="t">Die neuen Russen (Slutsch) / </subfield>
			<subfield code="r">Smith, H. -- </subfield>
			<subfield code="t">Boris Jelzin - Retter der Freiheit (Verhoeven) / </subfield>
			<subfield code="r">Morrison, J. -- </subfield>
			<subfield code="t">Détente in Europe (Niedhart) / </subfield>
			<subfield code="r">Oudenaren, J. van -- </subfield>
			<subfield code="t">Der KSZE-Prozeß (Niedhart) / </subfield>
			<subfield code="r">Bredow, W. von -- </subfield>
			<subfield code="t">Die Sowjetunion im Urteil des sozialdemokratischen Exils (Ehnert) / </subfield>
			<subfield code="r">Vorholt, U. -- </subfield>
			<subfield code="t">Kommunisten verfolgen Kommunisten (Küchenmeister) / </subfield>
			<subfield code="r">Weber, H. -- </subfield>
			<subfield code="t">Colloque sur L' Internationale communiste (Wörsdörfer) / </subfield>
			<subfield code="r">Humbert-Droz, Centenaire Jules -- </subfield>
			<subfield code="t">Posthum Rehabilitiert (Schafranek) / </subfield>
			<subfield code="r">Mc Loughlin, B / Szevera, W. -- </subfield>
			<subfield code="t">Bilanz des sowjetischen Termidors (Mujbegovic) / </subfield>
			<subfield code="r">Pavlović, Ž -- </subfield>
			<subfield code="t">Komintern, jugoslawische und serbische Frage (Mujbegović) / </subfield>
			<subfield code="r">Gligorijević, B. -- </subfield>
			<subfield code="t">Der Stalinismus und die Renegaten (Heimann) / </subfield>
			<subfield code="r">Rohrwasser, M -- </subfield>
			<subfield code="t">Abtrünnig wider Willen (Buschak) / </subfield>
			<subfield code="r">Lübbe, P. -- </subfield>
			<subfield code="t">Die Akte Wehner (Fischer) / </subfield>
			<subfield code="r">Müller, R. -- </subfield>
			<subfield code="t">Kommunismus adieu (Keller) / </subfield>
			<subfield code="r">Spira, L. -- </subfield>
			<subfield code="t">Gewerkschaften im Widerstand gegen den Nationalsozialismus ( Tosstorff) / </subfield>
			<subfield code="r">Buschak, W. -- </subfield>
			<subfield code="t">Bestandsverzeichnisse Ostberliner Archive zur Gewerkschaftsbewegung ( Tosstorf) / </subfield>
			<subfield code="r">Brunner, D -- </subfield>
			<subfield code="t">Ausschnitt aus dem ungarischen Geistesleben der dreißiger Jahre (Jemnitz) / </subfield>
			<subfield code="r">Agárdi, P. -- </subfield>
			<subfield code="t">Les Communistes beiges de 1939 á 1944 (Johnstone) / </subfield>
			<subfield code="r">Gotovich, J -- </subfield>
			<subfield code="t">Jahrbuch 1992 - Geschichte der intern. Arbeiterbewegung (Hodos) / </subfield>
			<subfield code="r">Harsányi, I. -- </subfield>
			<subfield code="t">International Trotskyism 1929-1985 (Lauscher) / </subfield>
			<subfield code="r">Alexander, R. J. -- </subfield>
			<subfield code="t">Latin American Marxism. A Bibliography (Mothes / </subfield>
			<subfield code="r">Vanden, H. E. -- </subfield>
			<subfield code="t">Die politischen Systeme der sozialistischen Länder (Müller) / </subfield>
			<subfield code="r">Glaeßner, G.-J / Reiman, M. -- </subfield>
			<subfield code="t">Polen in der Ära Gierek (Ziemer) / </subfield>
			<subfield code="r">Pradetto, A. -- </subfield>
			<subfield code="t">Sonderweg Rumänien (Hitchins) / </subfield>
			<subfield code="r">Wagner, R. -- </subfield>
			<subfield code="t">Krieg im Äther/Polen aus der Ferne. Erinnerungen (Foitzik) / </subfield>
			<subfield code="r">Nowak-Jezioranski, J. -- </subfield>
			<subfield code="t">Geheimdienste und politische Polizei (Gieseke) / </subfield>
			<subfield code="r">Florath, B. -- </subfield>
			<subfield code="t">Legitimation und Parteiherrschaft (Heuer) / </subfield>
			<subfield code="r">Meuschel, S. -- </subfield>
			<subfield code="t">Mythos Antifaschismus (Mählert) / </subfield>
			<subfield code="r">Berg, Kulturamt Prenzlauer -- </subfield>
			<subfield code="t">Verwaltungsstrukturen der DDR (Neugebauer) / </subfield>
			<subfield code="r">König, K. -- </subfield>
			<subfield code="t">Politische Symbole im öffentlichen Leben der DDR (Kuppe) / </subfield>
			<subfield code="r">Azaryahu, M -- </subfield>
			<subfield code="t">Die Nationale Volksarmee (Neugebauer) / </subfield>
			<subfield code="r">Bald, D. -- </subfield>
			<subfield code="t">Güllenbuch. Ein Buch über Bausoldaten (Dahn) / </subfield>
			<subfield code="r">Richter, H. -- </subfield>
			<subfield code="t">Politische Justiz in der DDR (Kuppe) / </subfield>
			<subfield code="r">Furian, G. -- </subfield>
			<subfield code="t">Freikauf. Die Geschäfte der DDR mit politisch Verfolgten (Schöneburg) / </subfield>
			<subfield code="r">Rehlinger, L. A -- </subfield>
			<subfield code="t">Ausländer und Minderheiten in der DDR (Hartewig) / </subfield>
			<subfield code="r">Krüger-Potratz, M. -- </subfield>
			<subfield code="t">Deutsche Frauenbiographien des Stalinismus (Hoffend) / </subfield>
			<subfield code="r">Stark, M. -- </subfield>
			<subfield code="t">DDR-Funktionäre sagen aus (Doemberg) / </subfield>
			<subfield code="r">Zimmermann, B. / Schütt, H.-D. </subfield>
		</datafield>
		<datafield tag="505" ind1="0" ind2="0">
			<subfield code="t">-- </subfield>
			<subfield code="t">Im Trabi durch die Zeit (Roesler) / </subfield>
			<subfield code="r">Holder, E. -- </subfield>
			<subfield code="t">Karrieremuster. Wissenschaftlerportraits (Hoeming) / </subfield>
			<subfield code="r">Herzberg, G. / Meier, K. -- </subfield>
			<subfield code="t">Das Genossen-Kartell (Kaiser) / </subfield>
			<subfield code="r">Wilke, M. / Hertie, H.-H. -- </subfield>
			<subfield code="t">Tagebuch des letzten spanischen Botschafters in der DDR (Stephan) / </subfield>
			<subfield code="r">Toledo, A. Alvarez de -- </subfield>
			<subfield code="t">Indifferenz und Gesellschaft, kritische Auseinandersetzung mit Marx (Rüben) / </subfield>
			<subfield code="r">Lohmann, G. -- </subfield>
			<subfield code="t">Marx und Engels zu archaischen Gesellschaften (Rüben) / </subfield>
			<subfield code="r">Wayand, G. -- </subfield>
			<subfield code="t">Mitarbeiterinnen und Mitarbeiter -- </subfield>
			<subfield code="t">Backmatter</subfield>
		</datafield>
		<datafield tag="538" ind1=" " ind2=" ">
			<subfield code="a">Mode of access: Internet via World Wide Web.</subfield>
		</datafield>
		<datafield tag="546" ind1=" " ind2=" ">
			<subfield code="a">In German.</subfield>
		</datafield>
		<datafield tag="588" ind1="0" ind2=" ">
			<subfield code="a">Description based on online resource; title from PDF title page (publisher's Web site, viewed 27. Mrz 2018)</subfield>
		</datafield>
		<datafield tag="650" ind1=" " ind2="4">
			<subfield code="a">Forschung.</subfield>
		</datafield>
		<datafield tag="650" ind1=" " ind2="4">
			<subfield code="a">Kommunismus.</subfield>
		</datafield>
		<datafield tag="650" ind1=" " ind2="4">
			<subfield code="a">Ostblock.</subfield>
		</datafield>
		<datafield tag="650" ind1=" " ind2="4">
			<subfield code="a">Sozialistische Staaten.</subfield>
		</datafield>
		<datafield tag="700" ind1="1" ind2=" ">
			<subfield code="a">Mannheimer Zentrum für Europäische Sozialforschung, </subfield>
			<subfield code="e">editor.</subfield>
		</datafield>
		<datafield tag="700" ind1="1" ind2=" ">
			<subfield code="a">Weber, Hermann, </subfield>
			<subfield code="e">editor.</subfield>
		</datafield>
		<datafield tag="776" ind1="0" ind2=" ">
			<subfield code="c">print</subfield>
			<subfield code="z">9783050024615</subfield>
		</datafield>
		<datafield tag="856" ind1="4" ind2="0">
			<subfield code="u">https://doi.org/10.1515/9783050069630</subfield>
		</datafield>
		<datafield tag="856" ind1="4" ind2="2">
			<subfield code="3">Cover</subfield>
			<subfield code="u">https://www.degruyter.com/doc/cover/9783050069630.jpg</subfield>
		</datafield>
		<datafield tag="912" ind1=" " ind2=" ">
			<subfield code="a">GBV-deGruyter-alles</subfield>
		</datafield>
		<datafield tag="912" ind1=" " ind2=" ">
			<subfield code="a">GBV-deGruyter-PDA11SSHE</subfield>
		</datafield>
		<datafield tag="912" ind1=" " ind2=" ">
			<subfield code="a">GBV-deGruyter-PDA14ALL</subfield>
		</datafield>
		<datafield tag="912" ind1=" " ind2=" ">
			<subfield code="a">GBV-deGruyter-PDA16SSH</subfield>
		</datafield>
		<datafield tag="912" ind1=" " ind2=" ">
			<subfield code="a">GBV-deGruyter-PDA1ALL</subfield>
		</datafield>
		<datafield tag="912" ind1=" " ind2=" ">
			<subfield code="a">GBV-deGruyter-PDA2HUM</subfield>
		</datafield>
		<datafield tag="912" ind1=" " ind2=" ">
			<subfield code="a">GBV-deGruyter-PDA5EBK</subfield>
		</datafield>
	</record>