
	<record xmlns="http://www.loc.gov/MARC21/slim">
		<leader>03599nam a22005535i 4500</leader>
		<controlfield tag="001">9783050069692</controlfield>
		<controlfield tag="003">DE-B1597</controlfield>
		<controlfield tag="005">20180327123002.0</controlfield>
		<controlfield tag="006">m|||||o||d||||||||</controlfield>
		<controlfield tag="007">cr || ||||||||</controlfield>
		<controlfield tag="008">180327s2018    gw     fo  d z      ger d</controlfield>
		<datafield tag="020" ind1=" " ind2=" ">
			<subfield code="a">9783050069692</subfield>
		</datafield>
		<datafield tag="024" ind1="7" ind2=" ">
			<subfield code="a">10.1515/9783050069692</subfield>
			<subfield code="2">doi</subfield>
		</datafield>
		<datafield tag="035" ind1=" " ind2=" ">
			<subfield code="a">(DE-B1597)237858</subfield>
		</datafield>
		<datafield tag="040" ind1=" " ind2=" ">
			<subfield code="a">DE-B1597</subfield>
			<subfield code="b">eng</subfield>
			<subfield code="c">DE-B1597</subfield>
			<subfield code="e">rda</subfield>
		</datafield>
		<datafield tag="041" ind1="0" ind2=" ">
			<subfield code="a">ger</subfield>
		</datafield>
		<datafield tag="044" ind1=" " ind2=" ">
			<subfield code="a">gw</subfield>
			<subfield code="c">DE</subfield>
		</datafield>
		<datafield tag="072" ind1=" " ind2="7">
			<subfield code="a">HIS000000</subfield>
			<subfield code="2">bisacsh</subfield>
		</datafield>
		<datafield tag="072" ind1=" " ind2="7">
			<subfield code="a">HIS037030</subfield>
			<subfield code="2">bisacsh</subfield>
		</datafield>
		<datafield tag="072" ind1=" " ind2="7">
			<subfield code="a">HIS037070</subfield>
			<subfield code="2">bisacsh</subfield>
		</datafield>
		<datafield tag="245" ind1="0" ind2="0">
			<subfield code="a">Hochschulpolitik im Föderalismus :</subfield>
			<subfield code="b">Die Hochschulkonferenzen der deutschen Bundesstaaten und ‹br›Österreichs 1898 bis 1918 (Protokolle) /</subfield>
			<subfield code="c">Bernhard vom Brocke, Peter Krüger.</subfield>
		</datafield>
		<datafield tag="250" ind1=" " ind2=" ">
			<subfield code="a">Reprint 2018</subfield>
		</datafield>
		<datafield tag="264" ind1=" " ind2="1">
			<subfield code="a">Berlin : </subfield>
			<subfield code="b">Akademie Verlag, </subfield>
			<subfield code="c">[2018]</subfield>
		</datafield>
		<datafield tag="264" ind1=" " ind2="4">
			<subfield code="c">©1995</subfield>
		</datafield>
		<datafield tag="300" ind1=" " ind2=" ">
			<subfield code="a">1 online resource (527 p.):</subfield>
			<subfield code="b">1 Faks.</subfield>
		</datafield>
		<datafield tag="336" ind1=" " ind2=" ">
			<subfield code="a">text</subfield>
			<subfield code="b">txt</subfield>
			<subfield code="2">rdacontent</subfield>
		</datafield>
		<datafield tag="337" ind1=" " ind2=" ">
			<subfield code="a">computer</subfield>
			<subfield code="b">c</subfield>
			<subfield code="2">rdamedia</subfield>
		</datafield>
		<datafield tag="338" ind1=" " ind2=" ">
			<subfield code="a">online resource</subfield>
			<subfield code="b">cr</subfield>
			<subfield code="2">rdacarrier</subfield>
		</datafield>
		<datafield tag="347" ind1=" " ind2=" ">
			<subfield code="a">text file</subfield>
			<subfield code="b">PDF</subfield>
			<subfield code="2">rda</subfield>
		</datafield>
		<datafield tag="505" ind1="0" ind2="0">
			<subfield code="t">Frontmatter -- </subfield>
			<subfield code="t">Inhaltsverzeichnis -- </subfield>
			<subfield code="t">Vorwort -- </subfield>
			<subfield code="t">Zur Edition -- </subfield>
			<subfield code="t">Einführung -- </subfield>
			<subfield code="t">Die Protokolle -- </subfield>
			<subfield code="t">1. Eisenach, 25. Und 26. Juni 1898 -- </subfield>
			<subfield code="t">2. Wiesbaden, 24. Und 25. November 1900 -- </subfield>
			<subfield code="t">3a. Wilhelmshöhe Bei Kassel, 28. Juni 1901 -- </subfield>
			<subfield code="t">3b. Wilhelmshöhe Bei Kassel, 29. Und 30. Juni 1901 -- </subfield>
			<subfield code="t">4. Oberhof In Thüringen, 18., 19. Und 20. Juli 1902 -- </subfield>
			<subfield code="t">5. Frankfurt A.M., 16. Und 17. Oktober 1903 -- </subfield>
			<subfield code="t">6. Baden-Baden, 21. Und 22. Oktober 1904 -- </subfield>
			<subfield code="t">7.* Berlin, 13./14. März 1905 -- </subfield>
			<subfield code="t">7. Nürnberg, 13. Und 14. Oktober 1905 -- </subfield>
			<subfield code="t">8. Schandau, Sendigs Villa Quisisana, 28. Und 29. September 1906 -- </subfield>
			<subfield code="t">9. Ulm, Münsterhotel, 11. Und 12. Oktober 1907 -- </subfield>
			<subfield code="t">10. Wismar, Hotel Stadt Hamburg, 16. Und 17. Oktober 1908 -- </subfield>
			<subfield code="t">11. Bingen, 17. Und 18. September 1909 -- </subfield>
			<subfield code="t">12. Hotel Altenberg (Hochvogesen), 22. Und 23. September 1910 -- </subfield>
			<subfield code="t">13. Goslar, 21. Und 22. Juni 1912 -- </subfield>
			<subfield code="t">14. Linz A. D. Donau, 19. Und 20. September 1913 -- </subfield>
			<subfield code="t">15. Feldberger Hof (Badischer Schwarzwald), 3. Und 4. Juli 1914 -- </subfield>
			<subfield code="t">16. Rothenburg O. T., 22. Und 23. September 1916 -- </subfield>
			<subfield code="t">17. Berlin, 26.-28. September 1918 -- </subfield>
			<subfield code="t">Anhänge -- </subfield>
			<subfield code="t">I. Staatsverwaltung Und Hochschulautonomie - Eine Zeitgenössische Bilanz Der Hochschulkonferenz -- </subfield>
			<subfield code="t">II. Hochschulkonferenz - Rektorenkonferenz - Hochschullehrertag: Anfänge Einer Institutionalisierten Kooperation Im Deutschen Hochschulsystem -- </subfield>
			<subfield code="t">III. Verzeichnis Der Regierungsvertreter Auf Den Konferenzen Deutscher Regierungen In Hochschulangelegenheiten 1898-1918 -- </subfield>
			<subfield code="t">IV. Kurzbiographien Der Konferenzteilnehmer -- </subfield>
			<subfield code="t">V. Kultusministerien Und Hochschulverwaltungen -- </subfield>
			<subfield code="t">VI. Statistische Übersichten -- </subfield>
			<subfield code="t">VII. Quellen Und Literatur -- </subfield>
			<subfield code="t">Sachregister Der Protokolle -- </subfield>
			<subfield code="t">Personenregister -- </subfield>
			<subfield code="t">Abkürzungen</subfield>
		</datafield>
		<datafield tag="538" ind1=" " ind2=" ">
			<subfield code="a">Mode of access: Internet via World Wide Web.</subfield>
		</datafield>
		<datafield tag="546" ind1=" " ind2=" ">
			<subfield code="a">In German.</subfield>
		</datafield>
		<datafield tag="588" ind1="0" ind2=" ">
			<subfield code="a">Description based on online resource; title from PDF title page (publisher's Web site, viewed 27. Mrz 2018)</subfield>
		</datafield>
		<datafield tag="650" ind1=" " ind2="4">
			<subfield code="a">Deutschland.</subfield>
		</datafield>
		<datafield tag="650" ind1=" " ind2="4">
			<subfield code="a">Hochschulpolitik.</subfield>
		</datafield>
		<datafield tag="650" ind1=" " ind2="4">
			<subfield code="a">Hochschulverwaltung.</subfield>
		</datafield>
		<datafield tag="650" ind1=" " ind2="4">
			<subfield code="a">Österreich.</subfield>
		</datafield>
		<datafield tag="700" ind1="1" ind2=" ">
			<subfield code="a">Brocke, Bernhard vom, </subfield>
			<subfield code="e">editor.</subfield>
		</datafield>
		<datafield tag="700" ind1="1" ind2=" ">
			<subfield code="a">Krüger, Peter, </subfield>
			<subfield code="e">editor.</subfield>
		</datafield>
		<datafield tag="776" ind1="0" ind2=" ">
			<subfield code="c">print</subfield>
			<subfield code="z">9783050024721</subfield>
		</datafield>
		<datafield tag="856" ind1="4" ind2="0">
			<subfield code="u">https://doi.org/10.1515/9783050069692</subfield>
		</datafield>
		<datafield tag="856" ind1="4" ind2="2">
			<subfield code="3">Cover</subfield>
			<subfield code="u">https://www.degruyter.com/doc/cover/9783050069692.jpg</subfield>
		</datafield>
		<datafield tag="912" ind1=" " ind2=" ">
			<subfield code="a">GBV-deGruyter-alles</subfield>
		</datafield>
		<datafield tag="912" ind1=" " ind2=" ">
			<subfield code="a">GBV-deGruyter-PDA11SSHE</subfield>
		</datafield>
		<datafield tag="912" ind1=" " ind2=" ">
			<subfield code="a">GBV-deGruyter-PDA14ALL</subfield>
		</datafield>
		<datafield tag="912" ind1=" " ind2=" ">
			<subfield code="a">GBV-deGruyter-PDA16SSH</subfield>
		</datafield>
		<datafield tag="912" ind1=" " ind2=" ">
			<subfield code="a">GBV-deGruyter-PDA1ALL</subfield>
		</datafield>
		<datafield tag="912" ind1=" " ind2=" ">
			<subfield code="a">GBV-deGruyter-PDA2HUM</subfield>
		</datafield>
		<datafield tag="912" ind1=" " ind2=" ">
			<subfield code="a">GBV-deGruyter-PDA5EBK</subfield>
		</datafield>
	</record>