
	<record xmlns="http://www.loc.gov/MARC21/slim">
		<leader>03035nam a22005055i 4500</leader>
		<controlfield tag="001">9783050069876</controlfield>
		<controlfield tag="003">DE-B1597</controlfield>
		<controlfield tag="005">20180327123002.0</controlfield>
		<controlfield tag="006">m|||||o||d||||||||</controlfield>
		<controlfield tag="007">cr || ||||||||</controlfield>
		<controlfield tag="008">180327s2018    gw     fo  d z      ger d</controlfield>
		<datafield tag="020" ind1=" " ind2=" ">
			<subfield code="a">9783050069876</subfield>
		</datafield>
		<datafield tag="024" ind1="7" ind2=" ">
			<subfield code="a">10.1515/9783050069876</subfield>
			<subfield code="2">doi</subfield>
		</datafield>
		<datafield tag="035" ind1=" " ind2=" ">
			<subfield code="a">(DE-B1597)237876</subfield>
		</datafield>
		<datafield tag="040" ind1=" " ind2=" ">
			<subfield code="a">DE-B1597</subfield>
			<subfield code="b">eng</subfield>
			<subfield code="c">DE-B1597</subfield>
			<subfield code="e">rda</subfield>
		</datafield>
		<datafield tag="041" ind1="0" ind2=" ">
			<subfield code="a">ger</subfield>
		</datafield>
		<datafield tag="044" ind1=" " ind2=" ">
			<subfield code="a">gw</subfield>
			<subfield code="c">DE</subfield>
		</datafield>
		<datafield tag="072" ind1=" " ind2="7">
			<subfield code="a">POL000000</subfield>
			<subfield code="2">bisacsh</subfield>
		</datafield>
		<datafield tag="245" ind1="0" ind2="0">
			<subfield code="a">Übertragung und Gesetz :</subfield>
			<subfield code="b">Gründungsmythen, Kriegstheater und Unterwerfungstechniken von Institutionen /</subfield>
			<subfield code="c">Armin Âdam, Martin Stingelin.</subfield>
		</datafield>
		<datafield tag="250" ind1=" " ind2=" ">
			<subfield code="a">Reprint 2018</subfield>
		</datafield>
		<datafield tag="264" ind1=" " ind2="1">
			<subfield code="a">Berlin : </subfield>
			<subfield code="b">Akademie Verlag, </subfield>
			<subfield code="c">[2018]</subfield>
		</datafield>
		<datafield tag="264" ind1=" " ind2="4">
			<subfield code="c">©1995</subfield>
		</datafield>
		<datafield tag="300" ind1=" " ind2=" ">
			<subfield code="a">1 online resource </subfield>
		</datafield>
		<datafield tag="336" ind1=" " ind2=" ">
			<subfield code="a">text</subfield>
			<subfield code="b">txt</subfield>
			<subfield code="2">rdacontent</subfield>
		</datafield>
		<datafield tag="337" ind1=" " ind2=" ">
			<subfield code="a">computer</subfield>
			<subfield code="b">c</subfield>
			<subfield code="2">rdamedia</subfield>
		</datafield>
		<datafield tag="338" ind1=" " ind2=" ">
			<subfield code="a">online resource</subfield>
			<subfield code="b">cr</subfield>
			<subfield code="2">rdacarrier</subfield>
		</datafield>
		<datafield tag="347" ind1=" " ind2=" ">
			<subfield code="a">text file</subfield>
			<subfield code="b">PDF</subfield>
			<subfield code="2">rda</subfield>
		</datafield>
		<datafield tag="505" ind1="0" ind2="0">
			<subfield code="t">Frontmatter -- </subfield>
			<subfield code="t">Inhalt -- </subfield>
			<subfield code="t">Vorwort -- </subfield>
			<subfield code="t">I. Das Theater der Institutionen -- </subfield>
			<subfield code="t">“Eine politische Metaphisik ohne barbarisch zu reden ...” / </subfield>
			<subfield code="r">Gehring, Petra -- </subfield>
			<subfield code="t">Gründungstheater. Gesetz und Geschichte / </subfield>
			<subfield code="r">Vogl, Joseph -- </subfield>
			<subfield code="t">“Merdre”: Von großen Dingen klein sprechen / </subfield>
			<subfield code="r">Henke, Silvia -- </subfield>
			<subfield code="t">Der Befehl und die Rede des Souveräns im Schauspiel des 17. Jahrhunderts / </subfield>
			<subfield code="r">Campe, Rüdiger -- </subfield>
			<subfield code="t">II. Der Krieg der Institutionen -- </subfield>
			<subfield code="t">Sprache und Körper des Krieges / </subfield>
			<subfield code="r">Pircher, Wolfgang -- </subfield>
			<subfield code="t">Institution, Kommunikation, Autorität / </subfield>
			<subfield code="r">Adam, Armin -- </subfield>
			<subfield code="t">“Wer Christo wil anhangen, dem ist die gantze weit feind” / </subfield>
			<subfield code="r">Pfleiderer, Georg -- </subfield>
			<subfield code="t">Gespensterfeindschaft / </subfield>
			<subfield code="r">Pornschlegel, Clemens -- </subfield>
			<subfield code="t">Vom heimlichen Pazifismus im Nibelungenlied / </subfield>
			<subfield code="r">Seitter, Walter -- </subfield>
			<subfield code="t">Terra nullius / </subfield>
			<subfield code="r">Vismann, Cornelia -- </subfield>
			<subfield code="t">III. Der Grund der Institutionen -- </subfield>
			<subfield code="t">Karthago (Against Romacentrism) / </subfield>
			<subfield code="r">Ernst, Wolfgang -- </subfield>
			<subfield code="t">Institution und Differenz. Die Politik mit dem “Jüdischen” / </subfield>
			<subfield code="r">Dünkelsbühler, Ulrike -- </subfield>
			<subfield code="t">Macht - Die Zukunft einer Illusion / </subfield>
			<subfield code="r">Schütz, Anton -- </subfield>
			<subfield code="t">Der deutsche Normenausschuß / </subfield>
			<subfield code="r">Berz, Peter -- </subfield>
			<subfield code="t">Der souveräne Mensch und die infamen Leute im Abendland / </subfield>
			<subfield code="r">Thüring, Hubert -- </subfield>
			<subfield code="t">Vom Gesetz des Symbolischen / </subfield>
			<subfield code="r">Tholen, Georg Christoph -- </subfield>
			<subfield code="t">Bedingte Referenz / </subfield>
			<subfield code="r">Klenke, Claus-Volker -- </subfield>
			<subfield code="t">Personenverzeichnis -- </subfield>
			<subfield code="t">Biobibliographische Notizen</subfield>
		</datafield>
		<datafield tag="538" ind1=" " ind2=" ">
			<subfield code="a">Mode of access: Internet via World Wide Web.</subfield>
		</datafield>
		<datafield tag="546" ind1=" " ind2=" ">
			<subfield code="a">In German.</subfield>
		</datafield>
		<datafield tag="588" ind1="0" ind2=" ">
			<subfield code="a">Description based on online resource; title from PDF title page (publisher's Web site, viewed 27. Mrz 2018)</subfield>
		</datafield>
		<datafield tag="650" ind1=" " ind2="4">
			<subfield code="a">Entfremdung.</subfield>
		</datafield>
		<datafield tag="650" ind1=" " ind2="4">
			<subfield code="a">Institution ‹Soziologie›.</subfield>
		</datafield>
		<datafield tag="700" ind1="1" ind2=" ">
			<subfield code="a">Âdam, Armin, </subfield>
			<subfield code="e">editor.</subfield>
		</datafield>
		<datafield tag="700" ind1="1" ind2=" ">
			<subfield code="a">Stingelin, Martin, </subfield>
			<subfield code="e">editor.</subfield>
		</datafield>
		<datafield tag="776" ind1="0" ind2=" ">
			<subfield code="c">print</subfield>
			<subfield code="z">9783050025254</subfield>
		</datafield>
		<datafield tag="856" ind1="4" ind2="0">
			<subfield code="u">https://doi.org/10.1515/9783050069876</subfield>
		</datafield>
		<datafield tag="856" ind1="4" ind2="2">
			<subfield code="3">Cover</subfield>
			<subfield code="u">https://www.degruyter.com/doc/cover/9783050069876.jpg</subfield>
		</datafield>
		<datafield tag="912" ind1=" " ind2=" ">
			<subfield code="a">GBV-deGruyter-alles</subfield>
		</datafield>
		<datafield tag="912" ind1=" " ind2=" ">
			<subfield code="a">GBV-deGruyter-PDA11SSHE</subfield>
		</datafield>
		<datafield tag="912" ind1=" " ind2=" ">
			<subfield code="a">GBV-deGruyter-PDA14ALL</subfield>
		</datafield>
		<datafield tag="912" ind1=" " ind2=" ">
			<subfield code="a">GBV-deGruyter-PDA16SSH</subfield>
		</datafield>
		<datafield tag="912" ind1=" " ind2=" ">
			<subfield code="a">GBV-deGruyter-PDA1ALL</subfield>
		</datafield>
		<datafield tag="912" ind1=" " ind2=" ">
			<subfield code="a">GBV-deGruyter-PDA2HUM</subfield>
		</datafield>
		<datafield tag="912" ind1=" " ind2=" ">
			<subfield code="a">GBV-deGruyter-PDA5EBK</subfield>
		</datafield>
	</record>