
	<record xmlns="http://www.loc.gov/MARC21/slim">
		<leader>04094nam a22005175i 4500</leader>
		<controlfield tag="001">9783050070315</controlfield>
		<controlfield tag="003">DE-B1597</controlfield>
		<controlfield tag="005">20180327123002.0</controlfield>
		<controlfield tag="006">m|||||o||d||||||||</controlfield>
		<controlfield tag="007">cr || ||||||||</controlfield>
		<controlfield tag="008">180327s2018    gw     fo  d z      ger d</controlfield>
		<datafield tag="020" ind1=" " ind2=" ">
			<subfield code="a">9783050070315</subfield>
		</datafield>
		<datafield tag="024" ind1="7" ind2=" ">
			<subfield code="a">10.1515/9783050070315</subfield>
			<subfield code="2">doi</subfield>
		</datafield>
		<datafield tag="035" ind1=" " ind2=" ">
			<subfield code="a">(DE-B1597)237920</subfield>
		</datafield>
		<datafield tag="040" ind1=" " ind2=" ">
			<subfield code="a">DE-B1597</subfield>
			<subfield code="b">eng</subfield>
			<subfield code="c">DE-B1597</subfield>
			<subfield code="e">rda</subfield>
		</datafield>
		<datafield tag="041" ind1="0" ind2=" ">
			<subfield code="a">ger</subfield>
		</datafield>
		<datafield tag="044" ind1=" " ind2=" ">
			<subfield code="a">gw</subfield>
			<subfield code="c">DE</subfield>
		</datafield>
		<datafield tag="072" ind1=" " ind2="7">
			<subfield code="a">LIT000000</subfield>
			<subfield code="2">bisacsh</subfield>
		</datafield>
		<datafield tag="072" ind1=" " ind2="7">
			<subfield code="a">LIT004170</subfield>
			<subfield code="2">bisacsh</subfield>
		</datafield>
		<datafield tag="245" ind1="0" ind2="0">
			<subfield code="a">Georg Forster in interdisziplinärer Perspektive :</subfield>
			<subfield code="b">Beiträge des Internationalen Georg-Forster-Symposions in Kassel, 1. bis 4. April 1993 /</subfield>
			<subfield code="c">Claus-Volker Klenke.</subfield>
		</datafield>
		<datafield tag="250" ind1=" " ind2=" ">
			<subfield code="a">Reprint 2018</subfield>
		</datafield>
		<datafield tag="264" ind1=" " ind2="1">
			<subfield code="a">Berlin : </subfield>
			<subfield code="b">Akademie Verlag, </subfield>
			<subfield code="c">[2018]</subfield>
		</datafield>
		<datafield tag="264" ind1=" " ind2="4">
			<subfield code="c">©1995</subfield>
		</datafield>
		<datafield tag="300" ind1=" " ind2=" ">
			<subfield code="a">1 online resource (460 p.)</subfield>
		</datafield>
		<datafield tag="336" ind1=" " ind2=" ">
			<subfield code="a">text</subfield>
			<subfield code="b">txt</subfield>
			<subfield code="2">rdacontent</subfield>
		</datafield>
		<datafield tag="337" ind1=" " ind2=" ">
			<subfield code="a">computer</subfield>
			<subfield code="b">c</subfield>
			<subfield code="2">rdamedia</subfield>
		</datafield>
		<datafield tag="338" ind1=" " ind2=" ">
			<subfield code="a">online resource</subfield>
			<subfield code="b">cr</subfield>
			<subfield code="2">rdacarrier</subfield>
		</datafield>
		<datafield tag="347" ind1=" " ind2=" ">
			<subfield code="a">text file</subfield>
			<subfield code="b">PDF</subfield>
			<subfield code="2">rda</subfield>
		</datafield>
		<datafield tag="505" ind1="0" ind2="0">
			<subfield code="t">Frontmatter -- </subfield>
			<subfield code="t">Inhalt -- </subfield>
			<subfield code="t">Vorwort -- </subfield>
			<subfield code="t">Grußbotschaft zum Kasseler Georg Forster-Symposion / </subfield>
			<subfield code="r">Sonnemann, Ulrich -- </subfield>
			<subfield code="t">Geleitwort zur Eröffnung des Georg Forster-Symposions Kassel 1993 / </subfield>
			<subfield code="r">Steiner, Gerhard -- </subfield>
			<subfield code="t">Lektüren - Perspektiven und Brüche einer Wirkungsgeschichte -- </subfield>
			<subfield code="t">Georg Forsters Horizont: Hindernis und Herausforderung für seine Rezeption / </subfield>
			<subfield code="r">Uhlig, Ludwig -- </subfield>
			<subfield code="t">Rezeptionslinien? / </subfield>
			<subfield code="r">Peitsch, Helmut -- </subfield>
			<subfield code="t">Die beiden Forster und die pazifische Wissenschaft / </subfield>
			<subfield code="r">Hoare, Michael E. -- </subfield>
			<subfield code="t">Fahrten und Erfahrungen - Die Reise um die Welt -- </subfield>
			<subfield code="t">Georg Forster auf der Osterinsel, 1774 / </subfield>
			<subfield code="r">Heintze, Dieter -- </subfield>
			<subfield code="t">Die ethnographischen Sammlungen der Forsters aus dem Südpazifik / </subfield>
			<subfield code="r">Kaeppler, Adrienne L. -- </subfield>
			<subfield code="t">Georg Forster und William Hodges — Zeugnisse einer gemeinsamen Reise um die Welt / </subfield>
			<subfield code="r">Joppien, Rüdiger -- </subfield>
			<subfield code="t">Annäherungen / </subfield>
			<subfield code="r">Griep, Wolfgang -- </subfield>
			<subfield code="t">Erkenntnispraxis und Erfahrungstheorie - Forster und die Philosophie der Aufklärung -- </subfield>
			<subfield code="t">Der Streit um die Einheit des Menschengeschlechts / </subfield>
			<subfield code="r">Schmied-Kowarzik, Wolfdietrich -- </subfield>
			<subfield code="t">›Diese zarten, fast unsichtbaren Fäden der Arachne‹ / </subfield>
			<subfield code="r">Ribeiro Sanches, Manuela -- </subfield>
			<subfield code="t">Rousseaus Kulturkritik aus der Sicht Georg Forsters / </subfield>
			<subfield code="r">Kronauer, Ulrich -- </subfield>
			<subfield code="t">Anschauung und Klassifikation - Forsters naturgeschichtliche Forschungen -- </subfield>
			<subfield code="t">›Scientia Naturae — Naturbetrachtung oder Naturwissenschaft?‹ / </subfield>
			<subfield code="r">Jahn, Ilse -- </subfield>
			<subfield code="t">Georg Forsters botanische Sammlungen und ihre Auswertung / </subfield>
			<subfield code="r">Wagenitz, Gerhard -- </subfield>
			<subfield code="t">›Die Zeichen der Zukunft enträthseln‹ - Zwischen Mainz und Paris -- </subfield>
			<subfield code="t">Anthropologie und Geschichte / </subfield>
			<subfield code="r">Garber, Jörn -- </subfield>
			<subfield code="t">Die Bedeutung Georg Forsters als Kulturvermittler im Zeitalter der Französischen Revolution / </subfield>
			<subfield code="r">Grosser, Thomas -- </subfield>
			<subfield code="t">Forster und Frankreich, Frankreich und Forster / </subfield>
			<subfield code="r">Gilli, Marita -- </subfield>
			<subfield code="t">Ansichten und Schreibweisen - Forsters Ästhetik -- </subfield>
			<subfield code="t">Wahrnehmung und Konstruktion / </subfield>
			<subfield code="r">Pickerodt, Gerhart -- </subfield>
			<subfield code="t">Bürgerliches Heldenporträt — Ein Beitrag zur Erziehung des Menschengeschlechts / </subfield>
			<subfield code="r">Scheuer, Helmut -- </subfield>
			<subfield code="t">Ästhetische Erfahrung als schöpferischer Widerspruch / </subfield>
			<subfield code="r">Ewert, Michael -- </subfield>
			<subfield code="t">Die ›Wahrheit‹ in den ›Bildern des Wirklichen‹ / </subfield>
			<subfield code="r">Fischer, Rotraut -- </subfield>
			<subfield code="t">Georg Forsters Rezeption der Antike / </subfield>
			<subfield code="r">Goldmann, Stefan -- </subfield>
			<subfield code="t">Appendices -- </subfield>
			<subfield code="t">Georg Forster-Bibliographie 1970-1993 / </subfield>
			<subfield code="r">Klenke, Claus-Volker -- </subfield>
			<subfield code="t">Register -- </subfield>
			<subfield code="t">Die Autorinnen und Autoren des Bandes -- </subfield>
			<subfield code="t">Backmatter</subfield>
		</datafield>
		<datafield tag="538" ind1=" " ind2=" ">
			<subfield code="a">Mode of access: Internet via World Wide Web.</subfield>
		</datafield>
		<datafield tag="546" ind1=" " ind2=" ">
			<subfield code="a">In German.</subfield>
		</datafield>
		<datafield tag="588" ind1="0" ind2=" ">
			<subfield code="a">Description based on online resource; title from PDF title page (publisher's Web site, viewed 27. Mrz 2018)</subfield>
		</datafield>
		<datafield tag="650" ind1=" " ind2="4">
			<subfield code="a">Forster, Georg.</subfield>
		</datafield>
		<datafield tag="700" ind1="1" ind2=" ">
			<subfield code="a">Garber, Jörn.</subfield>
		</datafield>
		<datafield tag="700" ind1="1" ind2=" ">
			<subfield code="a">Heintze, Dieter.</subfield>
		</datafield>
		<datafield tag="700" ind1="1" ind2=" ">
			<subfield code="a">Klenke, Claus-Volker, </subfield>
			<subfield code="e">editor.</subfield>
		</datafield>
		<datafield tag="776" ind1="0" ind2=" ">
			<subfield code="c">print</subfield>
			<subfield code="z">9783050026145</subfield>
		</datafield>
		<datafield tag="856" ind1="4" ind2="0">
			<subfield code="u">https://doi.org/10.1515/9783050070315</subfield>
		</datafield>
		<datafield tag="856" ind1="4" ind2="2">
			<subfield code="3">Cover</subfield>
			<subfield code="u">https://www.degruyter.com/doc/cover/9783050070315.jpg</subfield>
		</datafield>
		<datafield tag="912" ind1=" " ind2=" ">
			<subfield code="a">GBV-deGruyter-alles</subfield>
		</datafield>
		<datafield tag="912" ind1=" " ind2=" ">
			<subfield code="a">GBV-deGruyter-PDA11SSHE</subfield>
		</datafield>
		<datafield tag="912" ind1=" " ind2=" ">
			<subfield code="a">GBV-deGruyter-PDA14ALL</subfield>
		</datafield>
		<datafield tag="912" ind1=" " ind2=" ">
			<subfield code="a">GBV-deGruyter-PDA16SSH</subfield>
		</datafield>
		<datafield tag="912" ind1=" " ind2=" ">
			<subfield code="a">GBV-deGruyter-PDA1ALL</subfield>
		</datafield>
		<datafield tag="912" ind1=" " ind2=" ">
			<subfield code="a">GBV-deGruyter-PDA2HUM</subfield>
		</datafield>
		<datafield tag="912" ind1=" " ind2=" ">
			<subfield code="a">GBV-deGruyter-PDA5EBK</subfield>
		</datafield>
	</record>