
	<record xmlns="http://www.loc.gov/MARC21/slim">
		<leader>05842nam a22004935i 4500</leader>
		<controlfield tag="001">9783050070353</controlfield>
		<controlfield tag="003">DE-B1597</controlfield>
		<controlfield tag="005">20180327123002.0</controlfield>
		<controlfield tag="006">m|||||o||d||||||||</controlfield>
		<controlfield tag="007">cr || ||||||||</controlfield>
		<controlfield tag="008">180327s2018    gw     fo  d z      ger d</controlfield>
		<datafield tag="020" ind1=" " ind2=" ">
			<subfield code="a">9783050070353</subfield>
		</datafield>
		<datafield tag="024" ind1="7" ind2=" ">
			<subfield code="a">10.1515/9783050070353</subfield>
			<subfield code="2">doi</subfield>
		</datafield>
		<datafield tag="035" ind1=" " ind2=" ">
			<subfield code="a">(DE-B1597)237924</subfield>
		</datafield>
		<datafield tag="040" ind1=" " ind2=" ">
			<subfield code="a">DE-B1597</subfield>
			<subfield code="b">eng</subfield>
			<subfield code="c">DE-B1597</subfield>
			<subfield code="e">rda</subfield>
		</datafield>
		<datafield tag="041" ind1="0" ind2=" ">
			<subfield code="a">ger</subfield>
		</datafield>
		<datafield tag="044" ind1=" " ind2=" ">
			<subfield code="a">gw</subfield>
			<subfield code="c">DE</subfield>
		</datafield>
		<datafield tag="072" ind1=" " ind2="7">
			<subfield code="a">PHI000000</subfield>
			<subfield code="2">bisacsh</subfield>
		</datafield>
		<datafield tag="245" ind1="0" ind2="0">
			<subfield code="a">Neue Realitäten. Herausforderung der Philosophie :</subfield>
			<subfield code="b">XVI. Deutscher Kongreß für Philosophie Berlin 20.–24. September 1993 /</subfield>
			<subfield code="c">Hans Lenk, Hans Poser.</subfield>
		</datafield>
		<datafield tag="250" ind1=" " ind2=" ">
			<subfield code="a">Reprint 2018</subfield>
		</datafield>
		<datafield tag="264" ind1=" " ind2="1">
			<subfield code="a">Berlin : </subfield>
			<subfield code="b">Akademie Verlag, </subfield>
			<subfield code="c">[2018]</subfield>
		</datafield>
		<datafield tag="264" ind1=" " ind2="4">
			<subfield code="c">©1995</subfield>
		</datafield>
		<datafield tag="300" ind1=" " ind2=" ">
			<subfield code="a">1 online resource </subfield>
		</datafield>
		<datafield tag="336" ind1=" " ind2=" ">
			<subfield code="a">text</subfield>
			<subfield code="b">txt</subfield>
			<subfield code="2">rdacontent</subfield>
		</datafield>
		<datafield tag="337" ind1=" " ind2=" ">
			<subfield code="a">computer</subfield>
			<subfield code="b">c</subfield>
			<subfield code="2">rdamedia</subfield>
		</datafield>
		<datafield tag="338" ind1=" " ind2=" ">
			<subfield code="a">online resource</subfield>
			<subfield code="b">cr</subfield>
			<subfield code="2">rdacarrier</subfield>
		</datafield>
		<datafield tag="347" ind1=" " ind2=" ">
			<subfield code="a">text file</subfield>
			<subfield code="b">PDF</subfield>
			<subfield code="2">rda</subfield>
		</datafield>
		<datafield tag="505" ind1="0" ind2="0">
			<subfield code="t">Frontmatter -- </subfield>
			<subfield code="t">Vorwort -- </subfield>
			<subfield code="t">Inhalt -- </subfield>
			<subfield code="t">Öffentliche Vorträge -- </subfield>
			<subfield code="t">Neue Realitäten - Herausforderung der Philosophie / </subfield>
			<subfield code="r">Lenk, Hans -- </subfield>
			<subfield code="t">Der Zusammenbruch des Kommunismus als philosophisches Ereignis / </subfield>
			<subfield code="r">Kolakowski, Leszek -- </subfield>
			<subfield code="t">Die problematische Moral des Ästhetischen / </subfield>
			<subfield code="r">Jauss, Hans Robert -- </subfield>
			<subfield code="t">Was kann die Philosophie zur Vereinigung Europas beitragen? / </subfield>
			<subfield code="r">Hübner, Kurt -- </subfield>
			<subfield code="t">Die „russische Idee" und der deutsche Idealismus. Zur Wiedergeburt einer kulturellen Realität / </subfield>
			<subfield code="r">Gulyga, Arsenij -- </subfield>
			<subfield code="t">Kolloquium -- </subfield>
			<subfield code="t">I.Neue Realität durch technische Innovation -- </subfield>
			<subfield code="t">Einleitung des Kolloquiums / </subfield>
			<subfield code="r">Rapp, Friedrich -- </subfield>
			<subfield code="t">Die Dialektik der Mittel Zur „immanenten Logik" technischer Innovationsprozesse / </subfield>
			<subfield code="r">Hubig, Christoph -- </subfield>
			<subfield code="t">Die Dynamik der Technik und die Trägheit der Vernunft / </subfield>
			<subfield code="r">Ropohl, Günter -- </subfield>
			<subfield code="t">II. Technikethik, Wirtschaftsethik, Umweltethik -- </subfield>
			<subfield code="t">Von der ,angewandten' zur ,hermeneutischen' Ethik Pluralistische Wertorientierung und neuer ,New Deal' / </subfield>
			<subfield code="r">Zimmerli, Walther Ch. -- </subfield>
			<subfield code="t">Computer und ethische Entscheidungen / </subfield>
			<subfield code="r">Ladd, John -- </subfield>
			<subfield code="t">Die Welt verloren - und zumindest teilweise wiedergefunden. Nicht-metaphysische Grundlagen der ökologischen Ethik / </subfield>
			<subfield code="r">Leist, Anton -- </subfield>
			<subfield code="t">III. Selbstorganisation, dynamische Systeme, chaotische Zustände -- </subfield>
			<subfield code="t">Die Chaostheorie - Eine Herausforderung für Philosophie und Wissenschaftstheorie / </subfield>
			<subfield code="r">Hegselmann, Rainer -- </subfield>
			<subfield code="t">Chaos in der Ordnung - Ordnung im Chaos Gedanken zur Chaos-Forschung / </subfield>
			<subfield code="r">Peitgen, Heinz-Otto -- </subfield>
			<subfield code="t">Die Relevanz der Chaostheorien für die Philosophie / </subfield>
			<subfield code="r">Kanitcheider, Bernulf -- </subfield>
			<subfield code="t">IV. Code, Medium, Computer - Künstliche Welten -- </subfield>
			<subfield code="t">Philosophie und Neue Medien Einleitende Überlegungen zum Kolloquium: „Code, Medium, Computer: Künstliche Welten" / </subfield>
			<subfield code="r">Krämer, Sybille -- </subfield>
			<subfield code="t">Ein menschlicher Traum für Wachende Zur Natürlichkeit und Künstlichkeit der Erfahrung / </subfield>
			<subfield code="r">Waldenfels, Bernhard -- </subfield>
			<subfield code="t">V. Mentale Modelle - Gehirn, phänomenale Zustände und Realitätsbezug -- </subfield>
			<subfield code="t">Einleitung zum Kolloquium / </subfield>
			<subfield code="r">Lenk, Hans -- </subfield>
			<subfield code="t">Die Geographie und Geometrie des Gehirns: Modifikation unserer Begriffe von Geist und Bewußtsein / </subfield>
			<subfield code="r">Maccormac, Earl R. -- </subfield>
			<subfield code="t">Die physiologischen Bedingungen des Bewußtseins / </subfield>
			<subfield code="r">Flohr, Hans -- </subfield>
			<subfield code="t">Metarepräsentationen und phänomenale Zustände / </subfield>
			<subfield code="r">Beckermann, Ansgar -- </subfield>
			<subfield code="t">Zeitfenster im Gehirn und die Einheit des Bewußtseins. Der Zusammenhang zwischen phänomenalem Bewußtsein und subsymbolischer Informationsverarbeitung / </subfield>
			<subfield code="r">Metzinger, Thomas -- </subfield>
			<subfield code="t">VI. Symbol und Sprache: Interpretationswelten -- </subfield>
			<subfield code="t">Einführung in das Kolloquium „Symbol und Sprache: Interpretationswelten" / </subfield>
			<subfield code="r">Gebauer, Gunter -- </subfield>
			<subfield code="t">Sprache, Zeichen und Interpretation / </subfield>
			<subfield code="r">Abel, Günter -- </subfield>
			<subfield code="t">Weltansichten, Wort und Wahrheit / </subfield>
			<subfield code="r">Trabant, Jürgen -- </subfield>
			<subfield code="t">VII Politische Utopien und gesellschaftliche Wirklichkeit -- </subfield>
			<subfield code="t">Politische Utopien und gesellschaftliche Wirklichkeit / </subfield>
			<subfield code="r">Schnädelbach, Herbert -- </subfield>
			<subfield code="t">Die Domestizierung der Utopien durch Demokratie / </subfield>
			<subfield code="r">Becker, Werner -- </subfield>
			<subfield code="t">Unmittelbarkeit und Struktur - die kulturelle Figur der Sozialutopien / </subfield>
			<subfield code="r">Irrlitz, Gerd -- </subfield>
			<subfield code="t">Unsere gesellschaftliche Wirklichkeit und die Utopie sittlichen Überlebens der Menschheit / </subfield>
			<subfield code="r">Schmied-Kowarzik, Wolfdietrich -- </subfield>
			<subfield code="t">VIII.Idee und Realität Europas -- </subfield>
			<subfield code="t">Einleitung zum Kolloquium / </subfield>
			<subfield code="r">Ottmann, Henning -- </subfield>
			<subfield code="t">Europa nach 1989: Illusion und Realität / </subfield>
			<subfield code="r">Aleksandrowicz, Dariusz -- </subfield>
			<subfield code="t">Die Politische Idee der Europäischen Integration und die Juridische Realität der Europäischen Union / </subfield>
			<subfield code="r">Maihofer, Werner -- </subfield>
			<subfield code="t">Geteilte Souveränität Die Transformation des Staates in der europäischen Einigung / </subfield>
			<subfield code="r">Lübbe, Hermann -- </subfield>
			<subfield code="t">IX.Das metaphysische Realitätsproblem einst und heute -- </subfield>
			<subfield code="t">Einleitung zum Kolloquium / </subfield>
			<subfield code="r">Wiehl, Reiner -- </subfield>
			<subfield code="t">Die Frage nach der Realität und die Möglichkeit von Metaphysik / </subfield>
			<subfield code="r">Honnefelder, Ludger -- </subfield>
			<subfield code="t">Das Realitätsproblem in der Transzendentalphilosophie / </subfield>
			<subfield code="r">Rod, Wolfgang -- </subfield>
			<subfield code="t">X.Zur Realismusdebatte in der analytischen Philosophie -- </subfield>
			<subfield code="t">Zur Realismusdebatte in der analytischen Philosophie / </subfield>
			<subfield code="r">Franzen, Winfried -- </subfield>
			<subfield code="t">Zwei Formen des Realismus / </subfield>
			<subfield code="r">Kutschera, Franz Von -- </subfield>
			<subfield code="t">Die methodische Konstruktion der Wirklichkeit durch die Wissenschaften / </subfield>
			<subfield code="r">Janich, Peter -- </subfield>
			<subfield code="t">Realitätsbeweis - theoretisch oder praktisch? / </subfield>
			<subfield code="r">Krüger, Lorenz -- </subfield>
			<subfield code="t">Autorenverzeichnis</subfield>
		</datafield>
		<datafield tag="538" ind1=" " ind2=" ">
			<subfield code="a">Mode of access: Internet via World Wide Web.</subfield>
		</datafield>
		<datafield tag="546" ind1=" " ind2=" ">
			<subfield code="a">In German.</subfield>
		</datafield>
		<datafield tag="588" ind1="0" ind2=" ">
			<subfield code="a">Description based on online resource; title from PDF title page (publisher's Web site, viewed 27. Mrz 2018)</subfield>
		</datafield>
		<datafield tag="650" ind1=" " ind2="4">
			<subfield code="a">Philosophie.</subfield>
		</datafield>
		<datafield tag="700" ind1="1" ind2=" ">
			<subfield code="a">Lenk, Hans, </subfield>
			<subfield code="e">editor.</subfield>
		</datafield>
		<datafield tag="700" ind1="1" ind2=" ">
			<subfield code="a">Poser, Hans, </subfield>
			<subfield code="e">editor.</subfield>
		</datafield>
		<datafield tag="776" ind1="0" ind2=" ">
			<subfield code="c">print</subfield>
			<subfield code="z">9783050026213</subfield>
		</datafield>
		<datafield tag="856" ind1="4" ind2="0">
			<subfield code="u">https://doi.org/10.1515/9783050070353</subfield>
		</datafield>
		<datafield tag="856" ind1="4" ind2="2">
			<subfield code="3">Cover</subfield>
			<subfield code="u">https://www.degruyter.com/doc/cover/9783050070353.jpg</subfield>
		</datafield>
		<datafield tag="912" ind1=" " ind2=" ">
			<subfield code="a">GBV-deGruyter-alles</subfield>
		</datafield>
		<datafield tag="912" ind1=" " ind2=" ">
			<subfield code="a">GBV-deGruyter-PDA11SSHE</subfield>
		</datafield>
		<datafield tag="912" ind1=" " ind2=" ">
			<subfield code="a">GBV-deGruyter-PDA14ALL</subfield>
		</datafield>
		<datafield tag="912" ind1=" " ind2=" ">
			<subfield code="a">GBV-deGruyter-PDA16SSH</subfield>
		</datafield>
		<datafield tag="912" ind1=" " ind2=" ">
			<subfield code="a">GBV-deGruyter-PDA1ALL</subfield>
		</datafield>
		<datafield tag="912" ind1=" " ind2=" ">
			<subfield code="a">GBV-deGruyter-PDA2HUM</subfield>
		</datafield>
		<datafield tag="912" ind1=" " ind2=" ">
			<subfield code="a">GBV-deGruyter-PDA5EBK</subfield>
		</datafield>
	</record>