
	<record xmlns="http://www.loc.gov/MARC21/slim">
		<leader>04410nam a22004935i 4500</leader>
		<controlfield tag="001">9783050070636</controlfield>
		<controlfield tag="003">DE-B1597</controlfield>
		<controlfield tag="005">20180327123002.0</controlfield>
		<controlfield tag="006">m|||||o||d||||||||</controlfield>
		<controlfield tag="007">cr || ||||||||</controlfield>
		<controlfield tag="008">180327s2018    gw     fo  d z      ger d</controlfield>
		<datafield tag="020" ind1=" " ind2=" ">
			<subfield code="a">9783050070636</subfield>
		</datafield>
		<datafield tag="024" ind1="7" ind2=" ">
			<subfield code="a">10.1515/9783050070636</subfield>
			<subfield code="2">doi</subfield>
		</datafield>
		<datafield tag="035" ind1=" " ind2=" ">
			<subfield code="a">(DE-B1597)237952</subfield>
		</datafield>
		<datafield tag="040" ind1=" " ind2=" ">
			<subfield code="a">DE-B1597</subfield>
			<subfield code="b">eng</subfield>
			<subfield code="c">DE-B1597</subfield>
			<subfield code="e">rda</subfield>
		</datafield>
		<datafield tag="041" ind1="0" ind2=" ">
			<subfield code="a">ger</subfield>
		</datafield>
		<datafield tag="044" ind1=" " ind2=" ">
			<subfield code="a">gw</subfield>
			<subfield code="c">DE</subfield>
		</datafield>
		<datafield tag="072" ind1=" " ind2="7">
			<subfield code="a">PHI000000</subfield>
			<subfield code="2">bisacsh</subfield>
		</datafield>
		<datafield tag="072" ind1=" " ind2="7">
			<subfield code="a">SCI000000</subfield>
			<subfield code="2">bisacsh</subfield>
		</datafield>
		<datafield tag="245" ind1="0" ind2="0">
			<subfield code="a">Universalgenie Helmholtz :</subfield>
			<subfield code="b">Rückblick nach 100 Jahren /</subfield>
			<subfield code="c">Lorenz Krüger.</subfield>
		</datafield>
		<datafield tag="250" ind1=" " ind2=" ">
			<subfield code="a">Reprint 2018</subfield>
		</datafield>
		<datafield tag="264" ind1=" " ind2="1">
			<subfield code="a">Berlin : </subfield>
			<subfield code="b">Akademie Verlag, </subfield>
			<subfield code="c">[2018]</subfield>
		</datafield>
		<datafield tag="264" ind1=" " ind2="4">
			<subfield code="c">©1994</subfield>
		</datafield>
		<datafield tag="300" ind1=" " ind2=" ">
			<subfield code="a">1 online resource (431 p.)</subfield>
		</datafield>
		<datafield tag="336" ind1=" " ind2=" ">
			<subfield code="a">text</subfield>
			<subfield code="b">txt</subfield>
			<subfield code="2">rdacontent</subfield>
		</datafield>
		<datafield tag="337" ind1=" " ind2=" ">
			<subfield code="a">computer</subfield>
			<subfield code="b">c</subfield>
			<subfield code="2">rdamedia</subfield>
		</datafield>
		<datafield tag="338" ind1=" " ind2=" ">
			<subfield code="a">online resource</subfield>
			<subfield code="b">cr</subfield>
			<subfield code="2">rdacarrier</subfield>
		</datafield>
		<datafield tag="347" ind1=" " ind2=" ">
			<subfield code="a">text file</subfield>
			<subfield code="b">PDF</subfield>
			<subfield code="2">rda</subfield>
		</datafield>
		<datafield tag="505" ind1="0" ind2="0">
			<subfield code="t">Frontmatter -- </subfield>
			<subfield code="t">Vorwort -- </subfield>
			<subfield code="t">Inhalt -- </subfield>
			<subfield code="t">I Helmholtz: Akademische Wege und Wirkungen -- </subfield>
			<subfield code="t">The Role of Johannes Müller in the Formation of Helmholtz's Physiological Career / </subfield>
			<subfield code="r">Holmes, Frederic L. -- </subfield>
			<subfield code="t">Civic Culture and Calling in the Königsberg Period / </subfield>
			<subfield code="r">Olesko, Kathryn M. -- </subfield>
			<subfield code="t">How Hertz Fabricated Helmholtzian Forces in His Karlsruhe Laboratory or Why He Did Not Discover Electric Waves in 18871 / </subfield>
			<subfield code="r">Buchwald, Jed Z. -- </subfield>
			<subfield code="t">Hermann von Helmholtz' Beziehungen zu russischen Gelehrten / </subfield>
			<subfield code="r">Vogt, Annette -- </subfield>
			<subfield code="t">II Helmholtz über die mechanischen Grundlagen der Naturwissenschaft -- </subfield>
			<subfield code="t">Theoretical and Mathematical Interpretations of Energy Conservation: The Helmholtz-Clausius Debate on Central Forces 1852-54 / </subfield>
			<subfield code="r">Bevilacqua, Fabio -- </subfield>
			<subfield code="t">Actio, Quantité d'action und Wirkung: Helmholtz' Rezeption dynamischer Grundbegriffe / </subfield>
			<subfield code="r">Hecht, Hartmut -- </subfield>
			<subfield code="t">Muscles and Engines: Indicator Diagrams and Helmholtz's Graphical Methods / </subfield>
			<subfield code="r">Brain, Robert M. / Wise, M. Norton -- </subfield>
			<subfield code="t">III Helmholtz, Erkenntnistheoretiker und Naturphilosoph -- </subfield>
			<subfield code="t">Die Hypothetisierung des Mechanismus bei Hermann von Helmholtz / </subfield>
			<subfield code="r">Schiemann, Gregor -- </subfield>
			<subfield code="t">Helmholtz' Erkenntnis- und Wissenschaftstheorie im Kontext der Philosophie und Naturwissenschaft des 19. Jahrhunderts / </subfield>
			<subfield code="r">Heidelberger, Michael -- </subfield>
			<subfield code="t">Ontologische und erkenntnistheoretische Dimensionen des Gesetzesproblems in den Helmholtzschen Reflexionen über Naturgesetze / </subfield>
			<subfield code="r">Röseberg, Ulrich -- </subfield>
			<subfield code="t">Helmholtz über die Begreiflichkeit der Natur / </subfield>
			<subfield code="r">Krüger, Lorenz -- </subfield>
			<subfield code="t">Helmholtz's Electrodynamics and the Comprehensibility of Nature / </subfield>
			<subfield code="r">Darrigol, Olivier -- </subfield>
			<subfield code="t">IV Helmholtz über Geometrie -- </subfield>
			<subfield code="t">Apriorische Funktion und aposteriorische Herkunft: Hermann von Helmholtz1 Untersuchungen zum Erfahrungsstatus der Geometrie / </subfield>
			<subfield code="r">Wahsner, Renate -- </subfield>
			<subfield code="t">Das Helmholtz-Liesche Raumproblem und seine ersten Lösungen / </subfield>
			<subfield code="r">Schüller, Volkmar -- </subfield>
			<subfield code="t">Geometric Facts and Geometric Theory: Helmholtz and 20th-century Philosophy of Physical Geometry1 / </subfield>
			<subfield code="r">Carrier, Martin -- </subfield>
			<subfield code="t">V Helmholtz und die physischen Grundlagen der Musik -- </subfield>
			<subfield code="t">Musical Thought and Practice: Links to Helmholtz's Tonempfmdungen / </subfield>
			<subfield code="r">Hiebert, Erwin / Hiebert, Elfrieda -- </subfield>
			<subfield code="t">VI Helmholtz in Wissenschaft, Politik und Geschichte -- </subfield>
			<subfield code="t">Helmholtz' Vortragskunst und sein Verhältnis zur populären Wissensvermittlung / </subfield>
			<subfield code="r">Kant, Horst -- </subfield>
			<subfield code="t">Anti-Helmholtz, Anti-Zöllner, Anti-Dühring: The Freedom of Science in Germany during the 1870s / </subfield>
			<subfield code="r">Cahan, David -- </subfield>
			<subfield code="t">Hermann von Helmholtz: Aspekte einer Wissenschaftlerkarriere im deutschen Kaiserreich / </subfield>
			<subfield code="r">Kaiser, Walter -- </subfield>
			<subfield code="t">Bemerkungen zu Helmholtz' Geschichtsverständnis / </subfield>
			<subfield code="r">Küttler, Wolfgang -- </subfield>
			<subfield code="t">VII Helmholtzforschung heute -- </subfield>
			<subfield code="t">Gleaning from the Archives? The 'Helmholtz Industry' and Manuscript Sources / </subfield>
			<subfield code="r">Kremer, Richard L. -- </subfield>
			<subfield code="t">Sachverzeichnis -- </subfield>
			<subfield code="t">Personenverzeichnis -- </subfield>
			<subfield code="t">Autorenverzeichnis</subfield>
		</datafield>
		<datafield tag="538" ind1=" " ind2=" ">
			<subfield code="a">Mode of access: Internet via World Wide Web.</subfield>
		</datafield>
		<datafield tag="546" ind1=" " ind2=" ">
			<subfield code="a">In German.</subfield>
		</datafield>
		<datafield tag="588" ind1="0" ind2=" ">
			<subfield code="a">Description based on online resource; title from PDF title page (publisher's Web site, viewed 27. Mrz 2018)</subfield>
		</datafield>
		<datafield tag="650" ind1=" " ind2="4">
			<subfield code="a">Helmholtz, Hermann von.</subfield>
		</datafield>
		<datafield tag="700" ind1="1" ind2=" ">
			<subfield code="a">Krüger, Lorenz, </subfield>
			<subfield code="e">editor.</subfield>
		</datafield>
		<datafield tag="776" ind1="0" ind2=" ">
			<subfield code="c">print</subfield>
			<subfield code="z">9783050026671</subfield>
		</datafield>
		<datafield tag="856" ind1="4" ind2="0">
			<subfield code="u">https://doi.org/10.1515/9783050070636</subfield>
		</datafield>
		<datafield tag="856" ind1="4" ind2="2">
			<subfield code="3">Cover</subfield>
			<subfield code="u">https://www.degruyter.com/doc/cover/9783050070636.jpg</subfield>
		</datafield>
		<datafield tag="912" ind1=" " ind2=" ">
			<subfield code="a">GBV-deGruyter-alles</subfield>
		</datafield>
		<datafield tag="912" ind1=" " ind2=" ">
			<subfield code="a">GBV-deGruyter-PDA11SSHE</subfield>
		</datafield>
		<datafield tag="912" ind1=" " ind2=" ">
			<subfield code="a">GBV-deGruyter-PDA14ALL</subfield>
		</datafield>
		<datafield tag="912" ind1=" " ind2=" ">
			<subfield code="a">GBV-deGruyter-PDA16SSH</subfield>
		</datafield>
		<datafield tag="912" ind1=" " ind2=" ">
			<subfield code="a">GBV-deGruyter-PDA1ALL</subfield>
		</datafield>
		<datafield tag="912" ind1=" " ind2=" ">
			<subfield code="a">GBV-deGruyter-PDA2HUM</subfield>
		</datafield>
		<datafield tag="912" ind1=" " ind2=" ">
			<subfield code="a">GBV-deGruyter-PDA5EBK</subfield>
		</datafield>
	</record>