
	<record xmlns="http://www.loc.gov/MARC21/slim">
		<leader>03255nam a22005055i 4500</leader>
		<controlfield tag="001">9783050071374</controlfield>
		<controlfield tag="003">DE-B1597</controlfield>
		<controlfield tag="005">20180327123002.0</controlfield>
		<controlfield tag="006">m|||||o||d||||||||</controlfield>
		<controlfield tag="007">cr || ||||||||</controlfield>
		<controlfield tag="008">180327s2018    gw     fo  d z      ger d</controlfield>
		<datafield tag="020" ind1=" " ind2=" ">
			<subfield code="a">9783050071374</subfield>
		</datafield>
		<datafield tag="024" ind1="7" ind2=" ">
			<subfield code="a">10.1515/9783050071374</subfield>
			<subfield code="2">doi</subfield>
		</datafield>
		<datafield tag="035" ind1=" " ind2=" ">
			<subfield code="a">(DE-B1597)238025</subfield>
		</datafield>
		<datafield tag="040" ind1=" " ind2=" ">
			<subfield code="a">DE-B1597</subfield>
			<subfield code="b">eng</subfield>
			<subfield code="c">DE-B1597</subfield>
			<subfield code="e">rda</subfield>
		</datafield>
		<datafield tag="041" ind1="0" ind2=" ">
			<subfield code="a">ger</subfield>
		</datafield>
		<datafield tag="044" ind1=" " ind2=" ">
			<subfield code="a">gw</subfield>
			<subfield code="c">DE</subfield>
		</datafield>
		<datafield tag="072" ind1=" " ind2="7">
			<subfield code="a">PHI000000</subfield>
			<subfield code="2">bisacsh</subfield>
		</datafield>
		<datafield tag="072" ind1=" " ind2="7">
			<subfield code="a">PHI016000</subfield>
			<subfield code="2">bisacsh</subfield>
		</datafield>
		<datafield tag="245" ind1="0" ind2="0">
			<subfield code="a">Wege aus der Moderne :</subfield>
			<subfield code="b">Schlüsseltexte der Postmoderne-Diskussion /</subfield>
			<subfield code="c">Wolfgang Welsch.</subfield>
		</datafield>
		<datafield tag="250" ind1=" " ind2=" ">
			<subfield code="a">2., durchges. Aufl. Reprint 2018</subfield>
		</datafield>
		<datafield tag="264" ind1=" " ind2="1">
			<subfield code="a">Berlin : </subfield>
			<subfield code="b">Akademie Verlag, </subfield>
			<subfield code="c">[2018]</subfield>
		</datafield>
		<datafield tag="264" ind1=" " ind2="4">
			<subfield code="c">©1994</subfield>
		</datafield>
		<datafield tag="300" ind1=" " ind2=" ">
			<subfield code="a">1 online resource (332 p.)</subfield>
		</datafield>
		<datafield tag="336" ind1=" " ind2=" ">
			<subfield code="a">text</subfield>
			<subfield code="b">txt</subfield>
			<subfield code="2">rdacontent</subfield>
		</datafield>
		<datafield tag="337" ind1=" " ind2=" ">
			<subfield code="a">computer</subfield>
			<subfield code="b">c</subfield>
			<subfield code="2">rdamedia</subfield>
		</datafield>
		<datafield tag="338" ind1=" " ind2=" ">
			<subfield code="a">online resource</subfield>
			<subfield code="b">cr</subfield>
			<subfield code="2">rdacarrier</subfield>
		</datafield>
		<datafield tag="347" ind1=" " ind2=" ">
			<subfield code="a">text file</subfield>
			<subfield code="b">PDF</subfield>
			<subfield code="2">rda</subfield>
		</datafield>
		<datafield tag="490" ind1="0" ind2=" ">
			<subfield code="a">Acta humaniora</subfield>
		</datafield>
		<datafield tag="505" ind1="0" ind2="0">
			<subfield code="t">Frontmatter -- </subfield>
			<subfield code="t">Vorwort zur Neuauflage / </subfield>
			<subfield code="r">Welsch, Wolfgang -- </subfield>
			<subfield code="t">Inhaltsverzeichnis -- </subfield>
			<subfield code="t">Einleitung / </subfield>
			<subfield code="r">Welsch, Wolfgang -- </subfield>
			<subfield code="t">I. KUNST -- </subfield>
			<subfield code="t">1. LITERATUR -- </subfield>
			<subfield code="t">Postmoderne heute / </subfield>
			<subfield code="r">Hassan, Ihab -- </subfield>
			<subfield code="t">Überquert die Grenze, schließt den Graben! Über die Postmoderne / </subfield>
			<subfield code="r">Fiedler, Leslie A. -- </subfield>
			<subfield code="t">Postmodernismus, Ironie und Vergnügen / </subfield>
			<subfield code="r">Eco, Umberto -- </subfield>
			<subfield code="t">2. ARCHITEKTUR -- </subfield>
			<subfield code="t">Komplexität und Widerspruch in der Architektur / </subfield>
			<subfield code="r">Venturi, Robert -- </subfield>
			<subfield code="t">Die Sprache der postmodernen Architektur / </subfield>
			<subfield code="r">Jencks, Charles -- </subfield>
			<subfield code="t">Moderne und Postmoderne / </subfield>
			<subfield code="r">Klotz, Heinrich -- </subfield>
			<subfield code="t">Moderne und postmoderne Architektur / </subfield>
			<subfield code="r">Habermas, Jürgen -- </subfield>
			<subfield code="t">3. MALEREI -- </subfield>
			<subfield code="t">Die italienische Trans-Avantgarde / </subfield>
			<subfield code="r">Oliva, Achille Bonito -- </subfield>
			<subfield code="t">II. SOZIOLOGIE -- </subfield>
			<subfield code="t">Über kulturelle Kristallisation / </subfield>
			<subfield code="r">Gehlen, Arnold -- </subfield>
			<subfield code="t">Die nachindustrielle Gesellschaft / </subfield>
			<subfield code="r">Bell, Daniel -- </subfield>
			<subfield code="t">Die Simulation / </subfield>
			<subfield code="r">Baudrillard, Jean -- </subfield>
			<subfield code="t">Nach der Moderne Umrisse einer Ästhetik des Posthistoire / </subfield>
			<subfield code="r">Kamper, Dietmar -- </subfield>
			<subfield code="t">III. PHILOSOPHIE -- </subfield>
			<subfield code="t">Die Moderne — ein unvollendetes Projekt / </subfield>
			<subfield code="r">Habermas, Jürgen -- </subfield>
			<subfield code="t">Beantwortung der Frage: Was ist postmodern? / </subfield>
			<subfield code="r">Lyotard, Jean-François -- </subfield>
			<subfield code="t">Die Moderne redigieren / </subfield>
			<subfield code="r">Lyotard, Jean-François -- </subfield>
			<subfield code="t">Am Nullpunkt der Verrücktheit — Jetzt die Architektur / </subfield>
			<subfield code="r">Derrida, Jacques -- </subfield>
			<subfield code="t">Nihilismus und Postmoderne in der Philosophie / </subfield>
			<subfield code="r">Vattimo, Gianni -- </subfield>
			<subfield code="t">Kunst und industrielle Produktion Zur Dialektik von Moderne und Postmoderne / </subfield>
			<subfield code="r">Wellmer, Albrecht -- </subfield>
			<subfield code="t">Nach der Geschichte / </subfield>
			<subfield code="r">Sloterdijk, Peter -- </subfield>
			<subfield code="t">Bibliographie zur Postmoderne-Diskussion -- </subfield>
			<subfield code="t">Bibliographische Notiz -- </subfield>
			<subfield code="t">Namenregister -- </subfield>
			<subfield code="t">Backmatter</subfield>
		</datafield>
		<datafield tag="538" ind1=" " ind2=" ">
			<subfield code="a">Mode of access: Internet via World Wide Web.</subfield>
		</datafield>
		<datafield tag="546" ind1=" " ind2=" ">
			<subfield code="a">In German.</subfield>
		</datafield>
		<datafield tag="588" ind1="0" ind2=" ">
			<subfield code="a">Description based on online resource; title from PDF title page (publisher's Web site, viewed 27. Mrz 2018)</subfield>
		</datafield>
		<datafield tag="650" ind1=" " ind2="4">
			<subfield code="a">Postmoderne.</subfield>
		</datafield>
		<datafield tag="700" ind1="1" ind2=" ">
			<subfield code="a">Welsch, Wolfgang, </subfield>
			<subfield code="e">editor.</subfield>
		</datafield>
		<datafield tag="776" ind1="0" ind2=" ">
			<subfield code="c">print</subfield>
			<subfield code="z">9783050027890</subfield>
		</datafield>
		<datafield tag="856" ind1="4" ind2="0">
			<subfield code="u">https://doi.org/10.1515/9783050071374</subfield>
		</datafield>
		<datafield tag="856" ind1="4" ind2="2">
			<subfield code="3">Cover</subfield>
			<subfield code="u">https://www.degruyter.com/doc/cover/9783050071374.jpg</subfield>
		</datafield>
		<datafield tag="912" ind1=" " ind2=" ">
			<subfield code="a">GBV-deGruyter-alles</subfield>
		</datafield>
		<datafield tag="912" ind1=" " ind2=" ">
			<subfield code="a">GBV-deGruyter-PDA11SSHE</subfield>
		</datafield>
		<datafield tag="912" ind1=" " ind2=" ">
			<subfield code="a">GBV-deGruyter-PDA14ALL</subfield>
		</datafield>
		<datafield tag="912" ind1=" " ind2=" ">
			<subfield code="a">GBV-deGruyter-PDA16SSH</subfield>
		</datafield>
		<datafield tag="912" ind1=" " ind2=" ">
			<subfield code="a">GBV-deGruyter-PDA1ALL</subfield>
		</datafield>
		<datafield tag="912" ind1=" " ind2=" ">
			<subfield code="a">GBV-deGruyter-PDA2HUM</subfield>
		</datafield>
		<datafield tag="912" ind1=" " ind2=" ">
			<subfield code="a">GBV-deGruyter-PDA5EBK</subfield>
		</datafield>
	</record>