
	<record xmlns="http://www.loc.gov/MARC21/slim">
		<leader>05463nam a22005175i 4500</leader>
		<controlfield tag="001">9783050071473</controlfield>
		<controlfield tag="003">DE-B1597</controlfield>
		<controlfield tag="005">20180327123002.0</controlfield>
		<controlfield tag="006">m|||||o||d||||||||</controlfield>
		<controlfield tag="007">cr || ||||||||</controlfield>
		<controlfield tag="008">180327s2018    gw     fo  d z      ger d</controlfield>
		<datafield tag="020" ind1=" " ind2=" ">
			<subfield code="a">9783050071473</subfield>
		</datafield>
		<datafield tag="024" ind1="7" ind2=" ">
			<subfield code="a">10.1515/9783050071473</subfield>
			<subfield code="2">doi</subfield>
		</datafield>
		<datafield tag="035" ind1=" " ind2=" ">
			<subfield code="a">(DE-B1597)238033</subfield>
		</datafield>
		<datafield tag="040" ind1=" " ind2=" ">
			<subfield code="a">DE-B1597</subfield>
			<subfield code="b">eng</subfield>
			<subfield code="c">DE-B1597</subfield>
			<subfield code="e">rda</subfield>
		</datafield>
		<datafield tag="041" ind1="0" ind2=" ">
			<subfield code="a">ger</subfield>
		</datafield>
		<datafield tag="044" ind1=" " ind2=" ">
			<subfield code="a">gw</subfield>
			<subfield code="c">DE</subfield>
		</datafield>
		<datafield tag="072" ind1=" " ind2="7">
			<subfield code="a">HIS000000</subfield>
			<subfield code="2">bisacsh</subfield>
		</datafield>
		<datafield tag="072" ind1=" " ind2="7">
			<subfield code="a">HIS032000</subfield>
			<subfield code="2">bisacsh</subfield>
		</datafield>
		<datafield tag="072" ind1=" " ind2="7">
			<subfield code="a">HIS037070</subfield>
			<subfield code="2">bisacsh</subfield>
		</datafield>
		<datafield tag="245" ind1="0" ind2="0">
			<subfield code="a">Russische Emigration in Deutschland 1918 bis 1941 :</subfield>
			<subfield code="b">Leben im europäischen Bürgerkrieg /</subfield>
			<subfield code="c">Karl Schlögel.</subfield>
		</datafield>
		<datafield tag="250" ind1=" " ind2=" ">
			<subfield code="a">Reprint 2018</subfield>
		</datafield>
		<datafield tag="264" ind1=" " ind2="1">
			<subfield code="a">Berlin : </subfield>
			<subfield code="b">Akademie Verlag, </subfield>
			<subfield code="c">[2018]</subfield>
		</datafield>
		<datafield tag="264" ind1=" " ind2="4">
			<subfield code="c">©1995</subfield>
		</datafield>
		<datafield tag="300" ind1=" " ind2=" ">
			<subfield code="a">1 online resource </subfield>
		</datafield>
		<datafield tag="336" ind1=" " ind2=" ">
			<subfield code="a">text</subfield>
			<subfield code="b">txt</subfield>
			<subfield code="2">rdacontent</subfield>
		</datafield>
		<datafield tag="337" ind1=" " ind2=" ">
			<subfield code="a">computer</subfield>
			<subfield code="b">c</subfield>
			<subfield code="2">rdamedia</subfield>
		</datafield>
		<datafield tag="338" ind1=" " ind2=" ">
			<subfield code="a">online resource</subfield>
			<subfield code="b">cr</subfield>
			<subfield code="2">rdacarrier</subfield>
		</datafield>
		<datafield tag="347" ind1=" " ind2=" ">
			<subfield code="a">text file</subfield>
			<subfield code="b">PDF</subfield>
			<subfield code="2">rda</subfield>
		</datafield>
		<datafield tag="505" ind1="0" ind2="0">
			<subfield code="t">Frontmatter -- </subfield>
			<subfield code="t">Inhalt -- </subfield>
			<subfield code="t">Vorwort -- </subfield>
			<subfield code="t">Russische Emigration in Deutschland 1918-1941. Fragen und Thesen / </subfield>
			<subfield code="r">Schlögel, Karl -- </subfield>
			<subfield code="t">Emigration - welche, wann, wo? Kontexte der russischen Emigration in Deutschland 1920-1941 / </subfield>
			<subfield code="r">Raeff, Marc -- </subfield>
			<subfield code="t">I. Russische Flüchtlinge in Deutschland -- </subfield>
			<subfield code="t">Eine Chronik der russischen Emigration in Deutschland. Die Materialien des General Aleksej A. von Lampe.1 / </subfield>
			<subfield code="r">Skarenkov, L.K. -- </subfield>
			<subfield code="t">Die ukrainische und die russische Emigration in Deutschland / </subfield>
			<subfield code="r">Golczewski, Frank -- </subfield>
			<subfield code="t">Baltische Flüchtlinge und russische Schriftsteller in Deutschland 1918-1941 / </subfield>
			<subfield code="r">Pachmuss, Temira -- </subfield>
			<subfield code="t">Zwischen „Roten" und „Weißen" - Russische Kriegsgefangene in Deutschland nach 1918 / </subfield>
			<subfield code="r">Baur, Johannes -- </subfield>
			<subfield code="t">Die Russische Emigration und ihre „Judenfrage" / </subfield>
			<subfield code="r">Vetter, Matthias -- </subfield>
			<subfield code="t">II. Leben in der Fremde -- </subfield>
			<subfield code="t">Die russischen Hilfsorganisationen in Deutschland zu Beginn der 20er Jahre / </subfield>
			<subfield code="r">Usakov, Aleksandr -- </subfield>
			<subfield code="t">Die russisch-orthodoxen Kirchengemeinden in Deutschland in den Jahren 1920-1940 / </subfield>
			<subfield code="r">Seide, Georg -- </subfield>
			<subfield code="t">Die Zeitung als Zentrum der Emigrations-Öffentlichkeit: Das Beispiel der Zeitung Rul' / </subfield>
			<subfield code="r">Hatlie, Mark R . -- </subfield>
			<subfield code="t">Grauzonen der russischen Emigration: Von Rußlandexperten und Dokumentenfälschern / </subfield>
			<subfield code="r">Mick, Christoph -- </subfield>
			<subfield code="t">Karriere und Schicksal eines Emigranten - die Odyssee des Malers Ivan Mjasoedov/Eugen Zotow* / </subfield>
			<subfield code="r">Erbentraut, Regina -- </subfield>
			<subfield code="t">III . Zwischen Hammer und Amboß - Politik der russischen Emigration zwischen den Kriegen -- </subfield>
			<subfield code="t">Das Leben des Gregor Schwartz-Bostunitsch (Grigorij V. Svarc-Bostunic) Teil 1 / </subfield>
			<subfield code="r">Ganelin, Rafail S. -- </subfield>
			<subfield code="t">Das Leben des Gregor Schwartz-Bostunitsch (Grigorij V. Svarc-Bostunic) Teil 2 / </subfield>
			<subfield code="r">Hagemeister, Michael -- </subfield>
			<subfield code="t">Vasilij von Biskupskij - Eine Emigrantenkarriere in Deutschland / </subfield>
			<subfield code="r">Dodenhoeft, Bettina -- </subfield>
			<subfield code="t">Eine Emigration in der Emigration: Die Menschewiki in Deutschland 1921-1933 / </subfield>
			<subfield code="r">Liebich, André -- </subfield>
			<subfield code="t">„Brücken schlagen" - Selbstverständnis und Wirkung der Exilmenschewiki 1920-1933 / </subfield>
			<subfield code="r">Peter, Hartmut Rüdiger -- </subfield>
			<subfield code="t">Russische Anarchisten im deutschen Exil 1919-1925 / </subfield>
			<subfield code="r">Dahlmann, Dittmar -- </subfield>
			<subfield code="t">IV. „Russischer Geist" in deutscher Umgebung -- </subfield>
			<subfield code="t">Otto Hoetzsch, Karl Stählin und die Gründung des Russischen Wissenschaftlichen Instituts / </subfield>
			<subfield code="r">Voigt, Gerd -- </subfield>
			<subfield code="t">Nicolai von Bubnoff. Sein kulturphilosophischer Blick auf die russische Emigration / </subfield>
			<subfield code="r">Poole, Brian -- </subfield>
			<subfield code="t">Dornach als Pilgerstätte der russischen Anthroposophen / </subfield>
			<subfield code="r">Maydell, Renata Von -- </subfield>
			<subfield code="t">V. Im Niemandsland: „Russkij Berlin" - ein Topos der europäischen Kultur des 20. Jahrhunderts -- </subfield>
			<subfield code="t">Andrej Belyjs Rußland in Berlin / </subfield>
			<subfield code="r">Beyer, Thomas R. -- </subfield>
			<subfield code="t">Il'ja Èrenburgs Berliner Zeit ( 1921 -1923) / </subfield>
			<subfield code="r">Bérard, Ewa -- </subfield>
			<subfield code="t">Gor'kijs Beseda und ihre Mitarbeiter / </subfield>
			<subfield code="r">Platone, Rossana -- </subfield>
			<subfield code="t">Das „Emigranten"-Theater in Berlin im Spiegel der zeitgenössischen Theaterkritik. Berichte und Rezensionen aus Berliner Tageszeitungen / </subfield>
			<subfield code="r">Böhmig, Michaela -- </subfield>
			<subfield code="t">Julij Ajchenval'd in Berlin / </subfield>
			<subfield code="r">Rejtblat, Abram I. -- </subfield>
			<subfield code="t">Die Suggestion der Berliner Realität bei Vladimir Nabokov / </subfield>
			<subfield code="r">Engel-Braunschmidt, Annelore -- </subfield>
			<subfield code="t">Russische Film-Emigration in Deutschland: Schicksale und Filme / </subfield>
			<subfield code="r">Bulgakova, Oksana -- </subfield>
			<subfield code="t">VI. In der Gutenberg-Galaxis. Russische Verlage und Zeitungen in Berlin -- </subfield>
			<subfield code="t">Die Ursachen für die Blüte und den Niedergang des russischen Verlagwesens in Berlin in den 20er Jahren / </subfield>
			<subfield code="r">Scandura, Claudia -- </subfield>
			<subfield code="t">„Feindbeobachtung": Russische Verlage in Berlin im Blick der Sowjetmacht / </subfield>
			<subfield code="r">Dinerstejn, Efim A . -- </subfield>
			<subfield code="t">Die russische republikanische Tageszeitung Dni / </subfield>
			<subfield code="r">Moulis, Vlatislav -- </subfield>
			<subfield code="t">Die russische Emigrantenzeitung Nas Vek (Berlin, 1931-1933)1 / </subfield>
			<subfield code="r">Burchard, Amory -- </subfield>
			<subfield code="t">Die Zeitung Novoe Slovo. Eine russische Zeitung im Nationalsozialismus / </subfield>
			<subfield code="r">Hufen, Christian -- </subfield>
			<subfield code="t">Neue Quellen zur Erforschung der russischen Emigration in Deutschland* / </subfield>
			<subfield code="r">Schlögel, Karl -- </subfield>
			<subfield code="t">Anhang</subfield>
		</datafield>
		<datafield tag="538" ind1=" " ind2=" ">
			<subfield code="a">Mode of access: Internet via World Wide Web.</subfield>
		</datafield>
		<datafield tag="546" ind1=" " ind2=" ">
			<subfield code="a">In German.</subfield>
		</datafield>
		<datafield tag="588" ind1="0" ind2=" ">
			<subfield code="a">Description based on online resource; title from PDF title page (publisher's Web site, viewed 27. Mrz 2018)</subfield>
		</datafield>
		<datafield tag="650" ind1=" " ind2="4">
			<subfield code="a">Deutschland.</subfield>
		</datafield>
		<datafield tag="650" ind1=" " ind2="4">
			<subfield code="a">Russischer Flüchtling.</subfield>
		</datafield>
		<datafield tag="700" ind1="1" ind2=" ">
			<subfield code="a">Schlögel, Karl, </subfield>
			<subfield code="e">editor.</subfield>
		</datafield>
		<datafield tag="776" ind1="0" ind2=" ">
			<subfield code="c">print</subfield>
			<subfield code="z">9783050028019</subfield>
		</datafield>
		<datafield tag="856" ind1="4" ind2="0">
			<subfield code="u">https://doi.org/10.1515/9783050071473</subfield>
		</datafield>
		<datafield tag="856" ind1="4" ind2="2">
			<subfield code="3">Cover</subfield>
			<subfield code="u">https://www.degruyter.com/doc/cover/9783050071473.jpg</subfield>
		</datafield>
		<datafield tag="912" ind1=" " ind2=" ">
			<subfield code="a">GBV-deGruyter-alles</subfield>
		</datafield>
		<datafield tag="912" ind1=" " ind2=" ">
			<subfield code="a">GBV-deGruyter-PDA11SSHE</subfield>
		</datafield>
		<datafield tag="912" ind1=" " ind2=" ">
			<subfield code="a">GBV-deGruyter-PDA14ALL</subfield>
		</datafield>
		<datafield tag="912" ind1=" " ind2=" ">
			<subfield code="a">GBV-deGruyter-PDA16SSH</subfield>
		</datafield>
		<datafield tag="912" ind1=" " ind2=" ">
			<subfield code="a">GBV-deGruyter-PDA1ALL</subfield>
		</datafield>
		<datafield tag="912" ind1=" " ind2=" ">
			<subfield code="a">GBV-deGruyter-PDA2HUM</subfield>
		</datafield>
		<datafield tag="912" ind1=" " ind2=" ">
			<subfield code="a">GBV-deGruyter-PDA5EBK</subfield>
		</datafield>
	</record>