
	<record xmlns="http://www.loc.gov/MARC21/slim">
		<leader>03527nam a22004935i 4500</leader>
		<controlfield tag="001">9783050071596</controlfield>
		<controlfield tag="003">DE-B1597</controlfield>
		<controlfield tag="005">20180327123002.0</controlfield>
		<controlfield tag="006">m|||||o||d||||||||</controlfield>
		<controlfield tag="007">cr || ||||||||</controlfield>
		<controlfield tag="008">180327s2018    gw     fo  d z      ger d</controlfield>
		<datafield tag="020" ind1=" " ind2=" ">
			<subfield code="a">9783050071596</subfield>
		</datafield>
		<datafield tag="024" ind1="7" ind2=" ">
			<subfield code="a">10.1515/9783050071596</subfield>
			<subfield code="2">doi</subfield>
		</datafield>
		<datafield tag="035" ind1=" " ind2=" ">
			<subfield code="a">(DE-B1597)238045</subfield>
		</datafield>
		<datafield tag="040" ind1=" " ind2=" ">
			<subfield code="a">DE-B1597</subfield>
			<subfield code="b">eng</subfield>
			<subfield code="c">DE-B1597</subfield>
			<subfield code="e">rda</subfield>
		</datafield>
		<datafield tag="041" ind1="0" ind2=" ">
			<subfield code="a">ger</subfield>
		</datafield>
		<datafield tag="044" ind1=" " ind2=" ">
			<subfield code="a">gw</subfield>
			<subfield code="c">DE</subfield>
		</datafield>
		<datafield tag="072" ind1=" " ind2="7">
			<subfield code="a">PHI000000</subfield>
			<subfield code="2">bisacsh</subfield>
		</datafield>
		<datafield tag="245" ind1="0" ind2="4">
			<subfield code="a">Die Gegenwart der Gerechtigkeit :</subfield>
			<subfield code="b">Diskurse zwischen Recht, praktischer Philosophie und Politik /</subfield>
			<subfield code="c">Christoph Demmerling, Thomas Rentsch.</subfield>
		</datafield>
		<datafield tag="250" ind1=" " ind2=" ">
			<subfield code="a">Reprint 2018</subfield>
		</datafield>
		<datafield tag="264" ind1=" " ind2="1">
			<subfield code="a">Berlin : </subfield>
			<subfield code="b">Akademie Verlag, </subfield>
			<subfield code="c">[2018]</subfield>
		</datafield>
		<datafield tag="264" ind1=" " ind2="4">
			<subfield code="c">©1995</subfield>
		</datafield>
		<datafield tag="300" ind1=" " ind2=" ">
			<subfield code="a">1 online resource </subfield>
		</datafield>
		<datafield tag="336" ind1=" " ind2=" ">
			<subfield code="a">text</subfield>
			<subfield code="b">txt</subfield>
			<subfield code="2">rdacontent</subfield>
		</datafield>
		<datafield tag="337" ind1=" " ind2=" ">
			<subfield code="a">computer</subfield>
			<subfield code="b">c</subfield>
			<subfield code="2">rdamedia</subfield>
		</datafield>
		<datafield tag="338" ind1=" " ind2=" ">
			<subfield code="a">online resource</subfield>
			<subfield code="b">cr</subfield>
			<subfield code="2">rdacarrier</subfield>
		</datafield>
		<datafield tag="347" ind1=" " ind2=" ">
			<subfield code="a">text file</subfield>
			<subfield code="b">PDF</subfield>
			<subfield code="2">rda</subfield>
		</datafield>
		<datafield tag="505" ind1="0" ind2="0">
			<subfield code="t">Frontmatter -- </subfield>
			<subfield code="t">Inhaltsverzeichnis -- </subfield>
			<subfield code="t">Einleitung -- </subfield>
			<subfield code="t">I. Gerechtigkeitsmodelle zwischen Tradition und Gegenwart -- </subfield>
			<subfield code="t">Das aristotelische Modell der Gerechtigkeit und die Grenzen seiner Anwendbarkeit / </subfield>
			<subfield code="r">Aubenque, Pierre -- </subfield>
			<subfield code="t">Die gerechte Begrenzung der Gerechtigkeit im Recht / </subfield>
			<subfield code="r">Brito, José de Sousa e -- </subfield>
			<subfield code="t">Der Vernunftbegriff des Rechts und die Logik der Gewalt / </subfield>
			<subfield code="r">Schönrich, Gerhard -- </subfield>
			<subfield code="t">Die Moralisierung der Menschenrechte / </subfield>
			<subfield code="r">Somek, Alexander -- </subfield>
			<subfield code="t">Recht und Gerechtigkeit bei Walter Benjamin / </subfield>
			<subfield code="r">Sagnol, Marc -- </subfield>
			<subfield code="t">II. Probleme der Rechtsdeutung: Von der Interpretation zur politischen Praxis -- </subfield>
			<subfield code="t">Zu einer Hermeneutik des Rechts: Argumentation und Interpretation / </subfield>
			<subfield code="r">Ricœur, Paul -- </subfield>
			<subfield code="t">Die Rechtswissenschaft und das Problem der Geltung / </subfield>
			<subfield code="r">Rasmussen, David M. -- </subfield>
			<subfield code="t">Multikulturalismus und Gerechtigkeit: „Politik der gleichen Würde“ und „Politik der Anerkennung“ / </subfield>
			<subfield code="r">Lukes, Steven -- </subfield>
			<subfield code="t">Zwischen Recht und Gerechtigkeit / </subfield>
			<subfield code="r">Howard, Dick -- </subfield>
			<subfield code="t">Differenz und Gleichheit / </subfield>
			<subfield code="r">Demmerling, Christoph -- </subfield>
			<subfield code="t">III. Reichweite und Grenzen des Liberalismus -- </subfield>
			<subfield code="t">Über die vier Arten von Gerechtigkeitstheorien gegenwärtiger Rechtsphilosophie / </subfield>
			<subfield code="r">Klenner, Hermann -- </subfield>
			<subfield code="t">Despotie, Individualismus, Vereinheitlichung / </subfield>
			<subfield code="r">Menke, Christoph -- </subfield>
			<subfield code="t">Pragmatismus und Liberalismus / </subfield>
			<subfield code="r">Shusterman, Richard -- </subfield>
			<subfield code="t">Das Paradoxon des politischen Liberalismus / </subfield>
			<subfield code="r">Mouffe, Chantal -- </subfield>
			<subfield code="t">IV. Gerechtigkeit, Differenz und die Gegenwart des Unrechts -- </subfield>
			<subfield code="t">Unmöglichkeit und Selbsttranszendenz der Gerechtigkeit / </subfield>
			<subfield code="r">Rentsch, Thomas -- </subfield>
			<subfield code="t">Gerechte Menschen / </subfield>
			<subfield code="r">Engler, Wolfgang -- </subfield>
			<subfield code="t">Gerechtigkeit und Solidarität / </subfield>
			<subfield code="r">Tietz, Udo -- </subfield>
			<subfield code="t">Gemeinschaft und Gesellschaft / </subfield>
			<subfield code="r">Bialas, Wolfgang -- </subfield>
			<subfield code="t">Wir brauchen mehr als bloß Gerechtigkeit / </subfield>
			<subfield code="r">Baier, Annette C. -- </subfield>
			<subfield code="t">Die Kunst der Grenzziehung und die Familie / </subfield>
			<subfield code="r">Nagl-Docekal, Herta -- </subfield>
			<subfield code="t">Anhang -- </subfield>
			<subfield code="t">Autorenverzeichnis -- </subfield>
			<subfield code="t">Namenverzeichnis</subfield>
		</datafield>
		<datafield tag="538" ind1=" " ind2=" ">
			<subfield code="a">Mode of access: Internet via World Wide Web.</subfield>
		</datafield>
		<datafield tag="546" ind1=" " ind2=" ">
			<subfield code="a">In German.</subfield>
		</datafield>
		<datafield tag="588" ind1="0" ind2=" ">
			<subfield code="a">Description based on online resource; title from PDF title page (publisher's Web site, viewed 27. Mrz 2018)</subfield>
		</datafield>
		<datafield tag="650" ind1=" " ind2="4">
			<subfield code="a">Gerechtigkeit.</subfield>
		</datafield>
		<datafield tag="700" ind1="1" ind2=" ">
			<subfield code="a">Demmerling, Christoph, </subfield>
			<subfield code="e">editor.</subfield>
		</datafield>
		<datafield tag="700" ind1="1" ind2=" ">
			<subfield code="a">Rentsch, Thomas, </subfield>
			<subfield code="e">editor.</subfield>
		</datafield>
		<datafield tag="776" ind1="0" ind2=" ">
			<subfield code="c">print</subfield>
			<subfield code="z">9783050028217</subfield>
		</datafield>
		<datafield tag="856" ind1="4" ind2="0">
			<subfield code="u">https://doi.org/10.1515/9783050071596</subfield>
		</datafield>
		<datafield tag="856" ind1="4" ind2="2">
			<subfield code="3">Cover</subfield>
			<subfield code="u">https://www.degruyter.com/doc/cover/9783050071596.jpg</subfield>
		</datafield>
		<datafield tag="912" ind1=" " ind2=" ">
			<subfield code="a">GBV-deGruyter-alles</subfield>
		</datafield>
		<datafield tag="912" ind1=" " ind2=" ">
			<subfield code="a">GBV-deGruyter-PDA11SSHE</subfield>
		</datafield>
		<datafield tag="912" ind1=" " ind2=" ">
			<subfield code="a">GBV-deGruyter-PDA14ALL</subfield>
		</datafield>
		<datafield tag="912" ind1=" " ind2=" ">
			<subfield code="a">GBV-deGruyter-PDA16SSH</subfield>
		</datafield>
		<datafield tag="912" ind1=" " ind2=" ">
			<subfield code="a">GBV-deGruyter-PDA1ALL</subfield>
		</datafield>
		<datafield tag="912" ind1=" " ind2=" ">
			<subfield code="a">GBV-deGruyter-PDA2HUM</subfield>
		</datafield>
		<datafield tag="912" ind1=" " ind2=" ">
			<subfield code="a">GBV-deGruyter-PDA5EBK</subfield>
		</datafield>
	</record>