
	<record xmlns="http://www.loc.gov/MARC21/slim">
		<leader>03804nam a22005535i 4500</leader>
		<controlfield tag="001">9783050072555</controlfield>
		<controlfield tag="003">DE-B1597</controlfield>
		<controlfield tag="005">20180327123002.0</controlfield>
		<controlfield tag="006">m|||||o||d||||||||</controlfield>
		<controlfield tag="007">cr || ||||||||</controlfield>
		<controlfield tag="008">180327s2018    gw     fo  d z      ger d</controlfield>
		<datafield tag="020" ind1=" " ind2=" ">
			<subfield code="a">9783050072555</subfield>
		</datafield>
		<datafield tag="024" ind1="7" ind2=" ">
			<subfield code="a">10.1515/9783050072555</subfield>
			<subfield code="2">doi</subfield>
		</datafield>
		<datafield tag="035" ind1=" " ind2=" ">
			<subfield code="a">(DE-B1597)238136</subfield>
		</datafield>
		<datafield tag="040" ind1=" " ind2=" ">
			<subfield code="a">DE-B1597</subfield>
			<subfield code="b">eng</subfield>
			<subfield code="c">DE-B1597</subfield>
			<subfield code="e">rda</subfield>
		</datafield>
		<datafield tag="041" ind1="0" ind2=" ">
			<subfield code="a">ger</subfield>
		</datafield>
		<datafield tag="044" ind1=" " ind2=" ">
			<subfield code="a">gw</subfield>
			<subfield code="c">DE</subfield>
		</datafield>
		<datafield tag="072" ind1=" " ind2="7">
			<subfield code="a">HIS000000</subfield>
			<subfield code="2">bisacsh</subfield>
		</datafield>
		<datafield tag="072" ind1=" " ind2="7">
			<subfield code="a">HIS014000</subfield>
			<subfield code="2">bisacsh</subfield>
		</datafield>
		<datafield tag="072" ind1=" " ind2="7">
			<subfield code="a">SCI000000</subfield>
			<subfield code="2">bisacsh</subfield>
		</datafield>
		<datafield tag="245" ind1="0" ind2="0">
			<subfield code="a">Naturwissenschaft und Technik in der DDR /</subfield>
			<subfield code="c">Dieter Hoffmann, Kristie Macrakis.</subfield>
		</datafield>
		<datafield tag="250" ind1=" " ind2=" ">
			<subfield code="a">Reprint 2018</subfield>
		</datafield>
		<datafield tag="264" ind1=" " ind2="1">
			<subfield code="a">Berlin : </subfield>
			<subfield code="b">Akademie Verlag, </subfield>
			<subfield code="c">[2018]</subfield>
		</datafield>
		<datafield tag="264" ind1=" " ind2="4">
			<subfield code="c">©1997</subfield>
		</datafield>
		<datafield tag="300" ind1=" " ind2=" ">
			<subfield code="a">1 online resource </subfield>
		</datafield>
		<datafield tag="336" ind1=" " ind2=" ">
			<subfield code="a">text</subfield>
			<subfield code="b">txt</subfield>
			<subfield code="2">rdacontent</subfield>
		</datafield>
		<datafield tag="337" ind1=" " ind2=" ">
			<subfield code="a">computer</subfield>
			<subfield code="b">c</subfield>
			<subfield code="2">rdamedia</subfield>
		</datafield>
		<datafield tag="338" ind1=" " ind2=" ">
			<subfield code="a">online resource</subfield>
			<subfield code="b">cr</subfield>
			<subfield code="2">rdacarrier</subfield>
		</datafield>
		<datafield tag="347" ind1=" " ind2=" ">
			<subfield code="a">text file</subfield>
			<subfield code="b">PDF</subfield>
			<subfield code="2">rda</subfield>
		</datafield>
		<datafield tag="505" ind1="0" ind2="0">
			<subfield code="t">Frontmatter -- </subfield>
			<subfield code="t">Inhalt -- </subfield>
			<subfield code="t">Vorwort -- </subfield>
			<subfield code="t">Allgemeine Wissenschafts- und Forschungspolitik -- </subfield>
			<subfield code="t">Wissenschafts- und Technologiepolitik in der DDR / </subfield>
			<subfield code="r">Förtsch, Eckart -- </subfield>
			<subfield code="t">Das Reformpaket der sechziger Jahre - wissenschaftspolitisches Finale der Ulbricht-Ära -- </subfield>
			<subfield code="t">Das Ringen um wissenschaftlich-technischen Höchststand: Spionage und Technologietransfer in der DDR / </subfield>
			<subfield code="r">Macrakis, Kristie -- </subfield>
			<subfield code="t">Stalinistische Vielfalt: Hochschulpolitik im östlichen Mitteleuropa 1945-55 / </subfield>
			<subfield code="r">Connelly, John -- </subfield>
			<subfield code="t">Der Schatten des Nationalsozialismus: Nachwirkungen auf die DDR-Wissenschaft / </subfield>
			<subfield code="r">Siegmund-Schultze, Reinhard -- </subfield>
			<subfield code="t">Institutionen -- </subfield>
			<subfield code="t">Der Weg zur „sozialistischen Forschungsakademie“. Der Wandel des Akademiegedankens zwischen 1945 und 1968 / </subfield>
			<subfield code="r">Nötzoldt, Peter -- </subfield>
			<subfield code="t">Einheit der Wissenschaft versus deutsche Teilung: Die Leopoldina und das Machtdreieck in Ostdeutschland / </subfield>
			<subfield code="r">Macrakis, Kristie -- </subfield>
			<subfield code="t">Disziplinen -- </subfield>
			<subfield code="t">Zwischen Privilegierung und Entmachtung: Ingenieure in der Ulbricht-Ära / </subfield>
			<subfield code="r">Augustine, Dolores L. -- </subfield>
			<subfield code="t">Die Transferfalle: Zum DDR-Flugzeugbau in den fünfziger Jahren / </subfield>
			<subfield code="r">Ciesla, Burghard -- </subfield>
			<subfield code="t">Zwischen Autonomie und staatlichem Dirigismus: Genetische und biomedizinische Forschung / </subfield>
			<subfield code="r">Hohlfeld, Rainer -- </subfield>
			<subfield code="t">Vom Tastenfeld zum Mikrochip – Computerindustrie und Informatik im „Schrittmaß“ des Sozialismus / </subfield>
			<subfield code="r">Naumann, Friedrich -- </subfield>
			<subfield code="t">Chemie und chemische Industrie im Sozialismus / </subfield>
			<subfield code="r">Stokes, Raymond G. -- </subfield>
			<subfield code="t">Kernforschung und Kerntechnik in der DDR / </subfield>
			<subfield code="r">Weiss, Burghard -- </subfield>
			<subfield code="t">Personen -- </subfield>
			<subfield code="t">Der Physikochemiker Robert Havemann (1910–1982) – eine deutsche Biographie / </subfield>
			<subfield code="r">Hoffmann, Dieter -- </subfield>
			<subfield code="t">Kurt Gottschaldt (1902–1991) und die psychologische Forschung vom Nationalsozialismus zur DDR – konstruierte Kontinuitäten / </subfield>
			<subfield code="r">Ash, Mitchell G. -- </subfield>
			<subfield code="t">Der Physiker Friedrich Möglich (1902–1957) – Ein Antifaschist ? / </subfield>
			<subfield code="r">Hoffmann, Dieter / Walker, Mark -- </subfield>
			<subfield code="t">Auswahlbibliographie zur Geschichte von Mathematik. Allgemeine Wissenschafts-, Technik- und Industriepolitik / </subfield>
			<subfield code="r">Stange, Thomas -- </subfield>
			<subfield code="t">Personenregister -- </subfield>
			<subfield code="t">Verzeichnis der Autoren</subfield>
		</datafield>
		<datafield tag="538" ind1=" " ind2=" ">
			<subfield code="a">Mode of access: Internet via World Wide Web.</subfield>
		</datafield>
		<datafield tag="546" ind1=" " ind2=" ">
			<subfield code="a">In German.</subfield>
		</datafield>
		<datafield tag="588" ind1="0" ind2=" ">
			<subfield code="a">Description based on online resource; title from PDF title page (publisher's Web site, viewed 27. Mrz 2018)</subfield>
		</datafield>
		<datafield tag="650" ind1=" " ind2="4">
			<subfield code="a">Deutschland (DDR).</subfield>
		</datafield>
		<datafield tag="650" ind1=" " ind2="4">
			<subfield code="a">Naturwissenschaften.</subfield>
		</datafield>
		<datafield tag="650" ind1=" " ind2="4">
			<subfield code="a">Technik.</subfield>
		</datafield>
		<datafield tag="650" ind1=" " ind2="4">
			<subfield code="a">Wissenschaft.</subfield>
		</datafield>
		<datafield tag="700" ind1="1" ind2=" ">
			<subfield code="a">Hoffmann, Dieter, </subfield>
			<subfield code="e">editor.</subfield>
		</datafield>
		<datafield tag="700" ind1="1" ind2=" ">
			<subfield code="a">Macrakis, Kristie, </subfield>
			<subfield code="e">editor.</subfield>
		</datafield>
		<datafield tag="776" ind1="0" ind2=" ">
			<subfield code="c">print</subfield>
			<subfield code="z">9783050029559</subfield>
		</datafield>
		<datafield tag="856" ind1="4" ind2="0">
			<subfield code="u">https://doi.org/10.1515/9783050072555</subfield>
		</datafield>
		<datafield tag="856" ind1="4" ind2="2">
			<subfield code="3">Cover</subfield>
			<subfield code="u">https://www.degruyter.com/doc/cover/9783050072555.jpg</subfield>
		</datafield>
		<datafield tag="912" ind1=" " ind2=" ">
			<subfield code="a">GBV-deGruyter-alles</subfield>
		</datafield>
		<datafield tag="912" ind1=" " ind2=" ">
			<subfield code="a">GBV-deGruyter-PDA11SSHE</subfield>
		</datafield>
		<datafield tag="912" ind1=" " ind2=" ">
			<subfield code="a">GBV-deGruyter-PDA14ALL</subfield>
		</datafield>
		<datafield tag="912" ind1=" " ind2=" ">
			<subfield code="a">GBV-deGruyter-PDA16SSH</subfield>
		</datafield>
		<datafield tag="912" ind1=" " ind2=" ">
			<subfield code="a">GBV-deGruyter-PDA1ALL</subfield>
		</datafield>
		<datafield tag="912" ind1=" " ind2=" ">
			<subfield code="a">GBV-deGruyter-PDA2HUM</subfield>
		</datafield>
		<datafield tag="912" ind1=" " ind2=" ">
			<subfield code="a">GBV-deGruyter-PDA5EBK</subfield>
		</datafield>
	</record>