
	<record xmlns="http://www.loc.gov/MARC21/slim">
		<leader>06274nam a22005895i 4500</leader>
		<controlfield tag="001">9783050072654</controlfield>
		<controlfield tag="003">DE-B1597</controlfield>
		<controlfield tag="005">20180327123002.0</controlfield>
		<controlfield tag="006">m|||||o||d||||||||</controlfield>
		<controlfield tag="007">cr || ||||||||</controlfield>
		<controlfield tag="008">180327s2018    gw     fo  d z      ger d</controlfield>
		<datafield tag="020" ind1=" " ind2=" ">
			<subfield code="a">9783050072654</subfield>
		</datafield>
		<datafield tag="024" ind1="7" ind2=" ">
			<subfield code="a">10.1515/9783050072654</subfield>
			<subfield code="2">doi</subfield>
		</datafield>
		<datafield tag="035" ind1=" " ind2=" ">
			<subfield code="a">(DE-B1597)238146</subfield>
		</datafield>
		<datafield tag="040" ind1=" " ind2=" ">
			<subfield code="a">DE-B1597</subfield>
			<subfield code="b">eng</subfield>
			<subfield code="c">DE-B1597</subfield>
			<subfield code="e">rda</subfield>
		</datafield>
		<datafield tag="041" ind1="0" ind2=" ">
			<subfield code="a">ger</subfield>
		</datafield>
		<datafield tag="044" ind1=" " ind2=" ">
			<subfield code="a">gw</subfield>
			<subfield code="c">DE</subfield>
		</datafield>
		<datafield tag="072" ind1=" " ind2="7">
			<subfield code="a">HIS000000</subfield>
			<subfield code="2">bisacsh</subfield>
		</datafield>
		<datafield tag="072" ind1=" " ind2="7">
			<subfield code="a">HIS014000</subfield>
			<subfield code="2">bisacsh</subfield>
		</datafield>
		<datafield tag="072" ind1=" " ind2="7">
			<subfield code="a">HIS054000</subfield>
			<subfield code="2">bisacsh</subfield>
		</datafield>
		<datafield tag="072" ind1=" " ind2="7">
			<subfield code="a">POL000000</subfield>
			<subfield code="2">bisacsh</subfield>
		</datafield>
		<datafield tag="072" ind1=" " ind2="7">
			<subfield code="a">POL005000</subfield>
			<subfield code="2">bisacsh</subfield>
		</datafield>
		<datafield tag="245" ind1="0" ind2="0">
			<subfield code="a">Jahrbuch für historische Kommunismusforschung. </subfield>
			<subfield code="p">1996 /</subfield>
			<subfield code="c">Mannheimer Zentrum für Europäische Sozialforschung, Hermann Weber.</subfield>
		</datafield>
		<datafield tag="250" ind1=" " ind2=" ">
			<subfield code="a">Reprint 2018</subfield>
		</datafield>
		<datafield tag="264" ind1=" " ind2="1">
			<subfield code="a">Berlin : </subfield>
			<subfield code="b">Akademie Verlag, </subfield>
			<subfield code="c">[2018]</subfield>
		</datafield>
		<datafield tag="264" ind1=" " ind2="4">
			<subfield code="c">©1996</subfield>
		</datafield>
		<datafield tag="300" ind1=" " ind2=" ">
			<subfield code="a">1 online resource </subfield>
		</datafield>
		<datafield tag="336" ind1=" " ind2=" ">
			<subfield code="a">text</subfield>
			<subfield code="b">txt</subfield>
			<subfield code="2">rdacontent</subfield>
		</datafield>
		<datafield tag="337" ind1=" " ind2=" ">
			<subfield code="a">computer</subfield>
			<subfield code="b">c</subfield>
			<subfield code="2">rdamedia</subfield>
		</datafield>
		<datafield tag="338" ind1=" " ind2=" ">
			<subfield code="a">online resource</subfield>
			<subfield code="b">cr</subfield>
			<subfield code="2">rdacarrier</subfield>
		</datafield>
		<datafield tag="347" ind1=" " ind2=" ">
			<subfield code="a">text file</subfield>
			<subfield code="b">PDF</subfield>
			<subfield code="2">rda</subfield>
		</datafield>
		<datafield tag="490" ind1="0" ind2=" ">
			<subfield code="a">Jahrbuch für historische Kommunismusforschung</subfield>
		</datafield>
		<datafield tag="505" ind1="0" ind2="0">
			<subfield code="t">Frontmatter -- </subfield>
			<subfield code="t">Inhalt -- </subfield>
			<subfield code="t">Editorial -- </subfield>
			<subfield code="t">Abhandlungen und Miszellen -- </subfield>
			<subfield code="t">Der erste Erneuerungsimpuls. Eine Betrachtung zum 40. Jahrestag des XX. Parteitages der KPdSU / </subfield>
			<subfield code="r">Zagladin, Vadim V. -- </subfield>
			<subfield code="t">Der XX. Parteitag der KPdSU / </subfield>
			<subfield code="r">Aksjutin, Jurij -- </subfield>
			<subfield code="t">Soziale Konflikte in Polen und die Legitimierung der Macht. Wandlungen im gesellschaftlichen Bewußtsein in den Jahren 1945-1994 / </subfield>
			<subfield code="r">Polakowska-Kujawa, Jolanta -- </subfield>
			<subfield code="t">Die politischen Aktivitäten der polnischen Kommunisten im Exekutivkomitee der Kommunistischen Internationale (EKKI) in den Jahren 1921-1924 / </subfield>
			<subfield code="r">Samuś, Paweł -- </subfield>
			<subfield code="t">"Der politische Gewinn steht in keinem Verhältnis zum Aufwand". Zur Westarbeit des FDGB im Kalten Krieg / </subfield>
			<subfield code="r">Kaiser, Josef -- </subfield>
			<subfield code="t">Partisanen des Kalten Kriegs. Die Untergrundtruppe der Nationalen Volksarmee 1957 bis 1962 und ihre Übernahme durch die Staatssicherheit / </subfield>
			<subfield code="r">Fingerle, Stephan / Giesecke, Jens -- </subfield>
			<subfield code="t">Zwischen stalinistischem Terror und Repression. Staatlicher Zwang und parteipolitische Strafmaßnahmen gegen deutsche Politemigranten in der UdSSR nach dem 22. Juni 1941 / </subfield>
			<subfield code="r">Erler, Peter -- </subfield>
			<subfield code="t">Forum -- </subfield>
			<subfield code="t">Die Gründung der SED - Alte Kontroversen und neue Positionen um die Zwangsvereinigung 1946 / </subfield>
			<subfield code="r">Müller, Werner -- </subfield>
			<subfield code="t">Die Ereignisse von 1953 in der DDR. Anmerkungen zu einer "Retroperspektive zum Stand der zeitgeschichtlichen Aufarbeitung des 17. Juni 1953" / </subfield>
			<subfield code="r">Kowalczuk, Ilko-Sascha -- </subfield>
			<subfield code="t">Dokumentation -- </subfield>
			<subfield code="t">Der Fall des "Antikomintern-Blocks" - Ein vierter Moskauer Schauprozeß? / </subfield>
			<subfield code="r">Müller, Reinhard -- </subfield>
			<subfield code="t">"Im Interesse unserer Sache würde ich empfehlen..." Fritz Große über die Lage der SED in Sachsen, Sommer 1946 / </subfield>
			<subfield code="r">Mählert, Ulrich -- </subfield>
			<subfield code="t">"Das Lager Nr. 1 weist eine hohe Sterblichkeitsrate auf." Bericht einer GULAG-Kommission über das NKWD-Speziallager Mühlberg / </subfield>
			<subfield code="r">Kilian, Achim -- </subfield>
			<subfield code="t">Subversive Aktionen gegen die DDR: Die amerikanische Reaktion auf den 17. Juni 1953 / </subfield>
			<subfield code="r">Ostermann, Christian F. -- </subfield>
			<subfield code="t">Biographische Skizzen/Zeitzeugenberichte -- </subfield>
			<subfield code="t">Heinrich Brandler - biographische Skizze bis 1924 / </subfield>
			<subfield code="r">Becker, Jens / Jentsch, Harald -- </subfield>
			<subfield code="t">Erst Chefredakteur, dann "Unperson": Lex Ende und Rudolf Herrnstadt / </subfield>
			<subfield code="r">Müller-Enbergs, Helmut -- </subfield>
			<subfield code="t">Oberst Tjulpanow und die Bildungs- und Kulturpolitik der Sowjetischen Militäradministration in Deutschland (SMAD) 1945-1949 / </subfield>
			<subfield code="r">Bassistow, Jurij W. -- </subfield>
			<subfield code="t">Forschungs- und Archivberichte -- </subfield>
			<subfield code="t">Das Scheitern der sozialistischen Systemreformation und des konstitutionellen Kommunismus. Ein Forschungsbericht über "Perestrojka" und "Neues Denken" in der Sowjetunion / </subfield>
			<subfield code="r">Jahn, Egbert -- </subfield>
			<subfield code="t">Genosse "René" und die kommunistische Jugend in Portugal zu Beginn der dreißiger Jahre / </subfield>
			<subfield code="r">Nunes, Joäo Arsénio -- </subfield>
			<subfield code="t">Ein weiterer Schlüssel zum Quellenreichtum russischer Archive / </subfield>
			<subfield code="r">Grahn, Gerlinde -- </subfield>
			<subfield code="t">Zur Entstehung der unabhängigen Friedensbewegung in der DDR. Ein Literaturbericht / </subfield>
			<subfield code="r">Kibelka, Ruth -- </subfield>
			<subfield code="t">Tagungsberichte -- </subfield>
			<subfield code="t">26. Jahreskonferenz der "International Association of Labour History Institutions" (IALHI) in Moskau / </subfield>
			<subfield code="r">Unfried, Berthold -- </subfield>
			<subfield code="t">Kommunistische Säuberungen / </subfield>
			<subfield code="r">Hutter, Franz-Josef -- </subfield>
			<subfield code="t">Nachlese zu einem historischen Datum / </subfield>
			<subfield code="r">Burrichter, Clemens -- </subfield>
			<subfield code="t">Die Russisch-Orthodoxe Kirche und der sowjetische Staat 1917-1991 / </subfield>
			<subfield code="r">Goeckel, Robert F. -- </subfield>
			<subfield code="t">Sammelrezensionen -- </subfield>
			<subfield code="t">Australian Communism / </subfield>
			<subfield code="r">Cain, Frank -- </subfield>
			<subfield code="t">Die Anfänge der SED in Berlin und die Rolle Otto Grotewohls / </subfield>
			<subfield code="r">Hutter, Franz-Josef -- </subfield>
			<subfield code="t">Literatur zum deutsch-tschechischen Verhältnis / </subfield>
			<subfield code="r">Osers, Jan -- </subfield>
			<subfield code="t">Die Entstehung der Freien Deutschen Jugend vor 50 Jahren. Analysen und Erinnerungen nach der Wende / </subfield>
			<subfield code="r">Schilde, Kurt -- </subfield>
			<subfield code="t">Ein vorläufiges "Urteil" über die DDR-Geschichte? Die Ergebnisse der Enquete-Kommission des 12. Deutschen Bundestages / </subfield>
			<subfield code="r">Stephan, Gerd-Rüdiger -- </subfield>
			<subfield code="t">Einzelrezensionen -- </subfield>
			<subfield code="t">Schräder, Fred. E.: Der Moskauer Prozeß 1936. Zur Sozialgeschichte eines politischen Feindbildes / </subfield>
			<subfield code="r">Riegel, Klaus-Georg -- </subfield>
			<subfield code="t">Naimark, Norman M.: The Russians in Germany. A History of the Soviet Zone of Occupation, 1945-1949 / </subfield>
			<subfield code="r">Foitzik, Jan -- </subfield>
			<subfield code="t">Lesnik, Avgust: Razcep v mednarodnem sozializmu (1914-1923) / </subfield>
			<subfield code="r">Britvec, Ratimir -- </subfield>
			<subfield code="t">Litvän, György; Bäk, Jänos M. (Hg.): Die Ungarische Revolution 1956. Reform - Aufstand - Vergeltung / </subfield>
			<subfield code="r">Foitzik, Jan -- </subfield>
			<subfield code="t">Kurzanzeigen eingegangener Bücher -- </subfield>
			<subfield code="t">Mitarbeiterinnen und Mitarbeiter -- </subfield>
			<subfield code="t">Jahrbuch für Historische Kommunismusforschung 1993–1995</subfield>
		</datafield>
		<datafield tag="538" ind1=" " ind2=" ">
			<subfield code="a">Mode of access: Internet via World Wide Web.</subfield>
		</datafield>
		<datafield tag="546" ind1=" " ind2=" ">
			<subfield code="a">In German.</subfield>
		</datafield>
		<datafield tag="588" ind1="0" ind2=" ">
			<subfield code="a">Description based on online resource; title from PDF title page (publisher's Web site, viewed 27. Mrz 2018)</subfield>
		</datafield>
		<datafield tag="650" ind1=" " ind2="4">
			<subfield code="a">Forschung.</subfield>
		</datafield>
		<datafield tag="650" ind1=" " ind2="4">
			<subfield code="a">Kommunismus.</subfield>
		</datafield>
		<datafield tag="650" ind1=" " ind2="4">
			<subfield code="a">Ostblock.</subfield>
		</datafield>
		<datafield tag="650" ind1=" " ind2="4">
			<subfield code="a">Sozialistische Staaten.</subfield>
		</datafield>
		<datafield tag="700" ind1="1" ind2=" ">
			<subfield code="a">Mannheimer Zentrum für Europäische Sozialforschung, </subfield>
			<subfield code="e">editor.</subfield>
		</datafield>
		<datafield tag="700" ind1="1" ind2=" ">
			<subfield code="a">Weber, Hermann, </subfield>
			<subfield code="e">editor.</subfield>
		</datafield>
		<datafield tag="776" ind1="0" ind2=" ">
			<subfield code="c">print</subfield>
			<subfield code="z">9783050029719</subfield>
		</datafield>
		<datafield tag="856" ind1="4" ind2="0">
			<subfield code="u">https://doi.org/10.1515/9783050072654</subfield>
		</datafield>
		<datafield tag="856" ind1="4" ind2="2">
			<subfield code="3">Cover</subfield>
			<subfield code="u">https://www.degruyter.com/doc/cover/9783050072654.jpg</subfield>
		</datafield>
		<datafield tag="912" ind1=" " ind2=" ">
			<subfield code="a">GBV-deGruyter-alles</subfield>
		</datafield>
		<datafield tag="912" ind1=" " ind2=" ">
			<subfield code="a">GBV-deGruyter-PDA11SSHE</subfield>
		</datafield>
		<datafield tag="912" ind1=" " ind2=" ">
			<subfield code="a">GBV-deGruyter-PDA14ALL</subfield>
		</datafield>
		<datafield tag="912" ind1=" " ind2=" ">
			<subfield code="a">GBV-deGruyter-PDA16SSH</subfield>
		</datafield>
		<datafield tag="912" ind1=" " ind2=" ">
			<subfield code="a">GBV-deGruyter-PDA1ALL</subfield>
		</datafield>
		<datafield tag="912" ind1=" " ind2=" ">
			<subfield code="a">GBV-deGruyter-PDA2HUM</subfield>
		</datafield>
		<datafield tag="912" ind1=" " ind2=" ">
			<subfield code="a">GBV-deGruyter-PDA5EBK</subfield>
		</datafield>
	</record>