
	<record xmlns="http://www.loc.gov/MARC21/slim">
		<leader>03261nam a22006015i 4500</leader>
		<controlfield tag="001">9783050073415</controlfield>
		<controlfield tag="003">DE-B1597</controlfield>
		<controlfield tag="005">20180327123002.0</controlfield>
		<controlfield tag="006">m|||||o||d||||||||</controlfield>
		<controlfield tag="007">cr || ||||||||</controlfield>
		<controlfield tag="008">180327s2018    gw     fo  d z      ger d</controlfield>
		<datafield tag="020" ind1=" " ind2=" ">
			<subfield code="a">9783050073415</subfield>
		</datafield>
		<datafield tag="024" ind1="7" ind2=" ">
			<subfield code="a">10.1515/9783050073415</subfield>
			<subfield code="2">doi</subfield>
		</datafield>
		<datafield tag="035" ind1=" " ind2=" ">
			<subfield code="a">(DE-B1597)238217</subfield>
		</datafield>
		<datafield tag="040" ind1=" " ind2=" ">
			<subfield code="a">DE-B1597</subfield>
			<subfield code="b">eng</subfield>
			<subfield code="c">DE-B1597</subfield>
			<subfield code="e">rda</subfield>
		</datafield>
		<datafield tag="041" ind1="0" ind2=" ">
			<subfield code="a">ger</subfield>
		</datafield>
		<datafield tag="044" ind1=" " ind2=" ">
			<subfield code="a">gw</subfield>
			<subfield code="c">DE</subfield>
		</datafield>
		<datafield tag="072" ind1=" " ind2="7">
			<subfield code="a">HIS000000</subfield>
			<subfield code="2">bisacsh</subfield>
		</datafield>
		<datafield tag="072" ind1=" " ind2="7">
			<subfield code="a">HIS014000</subfield>
			<subfield code="2">bisacsh</subfield>
		</datafield>
		<datafield tag="072" ind1=" " ind2="7">
			<subfield code="a">SOC000000</subfield>
			<subfield code="2">bisacsh</subfield>
		</datafield>
		<datafield tag="072" ind1=" " ind2="7">
			<subfield code="a">SOC002000</subfield>
			<subfield code="2">bisacsh</subfield>
		</datafield>
		<datafield tag="072" ind1=" " ind2="7">
			<subfield code="a">SOC008000</subfield>
			<subfield code="2">bisacsh</subfield>
		</datafield>
		<datafield tag="072" ind1=" " ind2="7">
			<subfield code="a">SOC026000</subfield>
			<subfield code="2">bisacsh</subfield>
		</datafield>
		<datafield tag="245" ind1="0" ind2="0">
			<subfield code="a">“Wer in den Osten geht, geht in ein anderes Land” :</subfield>
			<subfield code="b">Die Settlementbewegung in Berlin zwischen Kaiserreich und Weimarer Republik /</subfield>
			<subfield code="c">Wolfgang Kaschuba, Rolf Lindner.</subfield>
		</datafield>
		<datafield tag="250" ind1=" " ind2=" ">
			<subfield code="a">Reprint 2018</subfield>
		</datafield>
		<datafield tag="264" ind1=" " ind2="1">
			<subfield code="a">Berlin : </subfield>
			<subfield code="b">Akademie Verlag, </subfield>
			<subfield code="c">[2018]</subfield>
		</datafield>
		<datafield tag="264" ind1=" " ind2="4">
			<subfield code="c">©1996</subfield>
		</datafield>
		<datafield tag="300" ind1=" " ind2=" ">
			<subfield code="a">1 online resource :</subfield>
			<subfield code="b">Zahlr. Abb.</subfield>
		</datafield>
		<datafield tag="336" ind1=" " ind2=" ">
			<subfield code="a">text</subfield>
			<subfield code="b">txt</subfield>
			<subfield code="2">rdacontent</subfield>
		</datafield>
		<datafield tag="337" ind1=" " ind2=" ">
			<subfield code="a">computer</subfield>
			<subfield code="b">c</subfield>
			<subfield code="2">rdamedia</subfield>
		</datafield>
		<datafield tag="338" ind1=" " ind2=" ">
			<subfield code="a">online resource</subfield>
			<subfield code="b">cr</subfield>
			<subfield code="2">rdacarrier</subfield>
		</datafield>
		<datafield tag="347" ind1=" " ind2=" ">
			<subfield code="a">text file</subfield>
			<subfield code="b">PDF</subfield>
			<subfield code="2">rda</subfield>
		</datafield>
		<datafield tag="490" ind1="0" ind2=" ">
			<subfield code="a">Zeithorizonte: Perspektiven Europäischer Ethnologie ;</subfield>
			<subfield code="v">[6]</subfield>
		</datafield>
		<datafield tag="505" ind1="0" ind2="0">
			<subfield code="t">Frontmatter -- </subfield>
			<subfield code="t">Inhalt -- </subfield>
			<subfield code="t">Dank -- </subfield>
			<subfield code="t">Einleitung -- </subfield>
			<subfield code="t">I. Besucher, Bote, Nachbar Zur Geschichte der Liebesarbeit aus dem Geiste der Mission -- </subfield>
			<subfield code="t">Vom Besucher zum Nachbarn Eine kurze Passage durch die Geschichte der Liebesarbeit / </subfield>
			<subfield code="r">Lindner, Rolf -- </subfield>
			<subfield code="t">„Menschenfischer" Über die Parallelen von innerer und äußerer Mission um 1900 / </subfield>
			<subfield code="r">Geisthövel, Alexa / Siebert, Ute / Finkbeiner, Sonja -- </subfield>
			<subfield code="t">II. Settlements als Außenposten der Zivilisation -- </subfield>
			<subfield code="t">Toynbee Hall in London / </subfield>
			<subfield code="r">Weber, Katharina -- </subfield>
			<subfield code="t">Hull-House in Chicago / </subfield>
			<subfield code="r">Alexander, Ruth -- </subfield>
			<subfield code="t">III. „Im dunklen Berlin" Arbeit und Leben in der Sozialen Arbeitsgemeinschaft Berlin-Ost -- </subfield>
			<subfield code="t">Die Anfänge der Sozialen Arbeitsgemeinschaft Berlin-Ost / </subfield>
			<subfield code="r">Lindner, Rolf -- </subfield>
			<subfield code="t">Gefahr und Gefährdung Arbeiterjugendliche um 1900 im Blick bürgerlicher Jugenderzieher / </subfield>
			<subfield code="r">Sabelus, Esther -- </subfield>
			<subfield code="t">Der Knabenklub / </subfield>
			<subfield code="r">Hegner, Victoria -- </subfield>
			<subfield code="t">Vergnügen versus Freude? Die Suche nach einer gemeinsamen Festkultur / </subfield>
			<subfield code="r">Färber, Alexa -- </subfield>
			<subfield code="t">Die Suche nach der Metapher / </subfield>
			<subfield code="r">Hegner, Victoria -- </subfield>
			<subfield code="t">Großstadtdrama Die SAG und das Kino / </subfield>
			<subfield code="r">Weisz, Antonia -- </subfield>
			<subfield code="t">Wenzel Holek / </subfield>
			<subfield code="r">Vogelsberg, Annette -- </subfield>
			<subfield code="t">Die Kaffeeklappe der SAG / </subfield>
			<subfield code="r">Hetscher, Elke / Steigerwald, Norbert -- </subfield>
			<subfield code="t">Anhang</subfield>
		</datafield>
		<datafield tag="538" ind1=" " ind2=" ">
			<subfield code="a">Mode of access: Internet via World Wide Web.</subfield>
		</datafield>
		<datafield tag="546" ind1=" " ind2=" ">
			<subfield code="a">In German.</subfield>
		</datafield>
		<datafield tag="588" ind1="0" ind2=" ">
			<subfield code="a">Description based on online resource; title from PDF title page (publisher's Web site, viewed 27. Mrz 2018)</subfield>
		</datafield>
		<datafield tag="650" ind1=" " ind2="4">
			<subfield code="a">Arbeiterbildung.</subfield>
		</datafield>
		<datafield tag="650" ind1=" " ind2="4">
			<subfield code="a">Berlin (Ost).</subfield>
		</datafield>
		<datafield tag="650" ind1=" " ind2="4">
			<subfield code="a">Settlementbewegung.</subfield>
		</datafield>
		<datafield tag="650" ind1=" " ind2="4">
			<subfield code="a">Sozialarbeit.</subfield>
		</datafield>
		<datafield tag="700" ind1="1" ind2=" ">
			<subfield code="a">Kaschuba, Wolfgang, </subfield>
			<subfield code="e">editor.</subfield>
		</datafield>
		<datafield tag="700" ind1="1" ind2=" ">
			<subfield code="a">Lindner, Rolf, </subfield>
			<subfield code="e">editor.</subfield>
		</datafield>
		<datafield tag="776" ind1="0" ind2=" ">
			<subfield code="c">print</subfield>
			<subfield code="z">9783050030654</subfield>
		</datafield>
		<datafield tag="856" ind1="4" ind2="0">
			<subfield code="u">https://doi.org/10.1515/9783050073415</subfield>
		</datafield>
		<datafield tag="856" ind1="4" ind2="2">
			<subfield code="3">Cover</subfield>
			<subfield code="u">https://www.degruyter.com/doc/cover/9783050073415.jpg</subfield>
		</datafield>
		<datafield tag="912" ind1=" " ind2=" ">
			<subfield code="a">GBV-deGruyter-alles</subfield>
		</datafield>
		<datafield tag="912" ind1=" " ind2=" ">
			<subfield code="a">GBV-deGruyter-PDA11SSHE</subfield>
		</datafield>
		<datafield tag="912" ind1=" " ind2=" ">
			<subfield code="a">GBV-deGruyter-PDA14ALL</subfield>
		</datafield>
		<datafield tag="912" ind1=" " ind2=" ">
			<subfield code="a">GBV-deGruyter-PDA16SSH</subfield>
		</datafield>
		<datafield tag="912" ind1=" " ind2=" ">
			<subfield code="a">GBV-deGruyter-PDA1ALL</subfield>
		</datafield>
		<datafield tag="912" ind1=" " ind2=" ">
			<subfield code="a">GBV-deGruyter-PDA2HUM</subfield>
		</datafield>
		<datafield tag="912" ind1=" " ind2=" ">
			<subfield code="a">GBV-deGruyter-PDA5EBK</subfield>
		</datafield>
	</record>