
	<record xmlns="http://www.loc.gov/MARC21/slim">
		<leader>03947nam a22005535i 4500</leader>
		<controlfield tag="001">9783050073576</controlfield>
		<controlfield tag="003">DE-B1597</controlfield>
		<controlfield tag="005">20180327123002.0</controlfield>
		<controlfield tag="006">m|||||o||d||||||||</controlfield>
		<controlfield tag="007">cr || ||||||||</controlfield>
		<controlfield tag="008">180327s2018    gw     fo  d z      ger d</controlfield>
		<datafield tag="020" ind1=" " ind2=" ">
			<subfield code="a">9783050073576</subfield>
		</datafield>
		<datafield tag="024" ind1="7" ind2=" ">
			<subfield code="a">10.1515/9783050073576</subfield>
			<subfield code="2">doi</subfield>
		</datafield>
		<datafield tag="035" ind1=" " ind2=" ">
			<subfield code="a">(DE-B1597)238233</subfield>
		</datafield>
		<datafield tag="040" ind1=" " ind2=" ">
			<subfield code="a">DE-B1597</subfield>
			<subfield code="b">eng</subfield>
			<subfield code="c">DE-B1597</subfield>
			<subfield code="e">rda</subfield>
		</datafield>
		<datafield tag="041" ind1="0" ind2=" ">
			<subfield code="a">ger</subfield>
		</datafield>
		<datafield tag="044" ind1=" " ind2=" ">
			<subfield code="a">gw</subfield>
			<subfield code="c">DE</subfield>
		</datafield>
		<datafield tag="050" ind1=" " ind2="4">
			<subfield code="a">BJ1533.H8E38 1998</subfield>
		</datafield>
		<datafield tag="072" ind1=" " ind2="7">
			<subfield code="a">HIS000000</subfield>
			<subfield code="2">bisacsh</subfield>
		</datafield>
		<datafield tag="072" ind1=" " ind2="7">
			<subfield code="a">HIS014000</subfield>
			<subfield code="2">bisacsh</subfield>
		</datafield>
		<datafield tag="072" ind1=" " ind2="7">
			<subfield code="a">HIS037010</subfield>
			<subfield code="2">bisacsh</subfield>
		</datafield>
		<datafield tag="072" ind1=" " ind2="7">
			<subfield code="a">HIS037030</subfield>
			<subfield code="2">bisacsh</subfield>
		</datafield>
		<datafield tag="072" ind1=" " ind2="7">
			<subfield code="a">SCI000000</subfield>
			<subfield code="2">bisacsh</subfield>
		</datafield>
		<datafield tag="245" ind1="0" ind2="0">
			<subfield code="a">Ehrkonzepte in der Frühen Neuzeit :</subfield>
			<subfield code="b">Identitäten und Abgrenzungen /</subfield>
			<subfield code="c">Sibylle Backmann.</subfield>
		</datafield>
		<datafield tag="250" ind1=" " ind2=" ">
			<subfield code="a">Reprint 2018</subfield>
		</datafield>
		<datafield tag="264" ind1=" " ind2="1">
			<subfield code="a">Berlin : </subfield>
			<subfield code="b">Akademie Verlag, </subfield>
			<subfield code="c">[2018]</subfield>
		</datafield>
		<datafield tag="264" ind1=" " ind2="4">
			<subfield code="c">©1998</subfield>
		</datafield>
		<datafield tag="300" ind1=" " ind2=" ">
			<subfield code="a">1 online resource </subfield>
		</datafield>
		<datafield tag="336" ind1=" " ind2=" ">
			<subfield code="a">text</subfield>
			<subfield code="b">txt</subfield>
			<subfield code="2">rdacontent</subfield>
		</datafield>
		<datafield tag="337" ind1=" " ind2=" ">
			<subfield code="a">computer</subfield>
			<subfield code="b">c</subfield>
			<subfield code="2">rdamedia</subfield>
		</datafield>
		<datafield tag="338" ind1=" " ind2=" ">
			<subfield code="a">online resource</subfield>
			<subfield code="b">cr</subfield>
			<subfield code="2">rdacarrier</subfield>
		</datafield>
		<datafield tag="347" ind1=" " ind2=" ">
			<subfield code="a">text file</subfield>
			<subfield code="b">PDF</subfield>
			<subfield code="2">rda</subfield>
		</datafield>
		<datafield tag="505" ind1="0" ind2="0">
			<subfield code="t">Frontmatter -- </subfield>
			<subfield code="t">Vorwort -- </subfield>
			<subfield code="t">Inhaltsverzeichnis -- </subfield>
			<subfield code="t">Abkürzungsverzeichnis -- </subfield>
			<subfield code="t">Einführung / </subfield>
			<subfield code="r">Backmann, Sibylle / Künast, Hans-Jörg -- </subfield>
			<subfield code="t">I -- </subfield>
			<subfield code="t">Der historische Begriff der 'Ehre' - sprachwissenschaftlich untersucht / </subfield>
			<subfield code="r">Wellmann, Hans -- </subfield>
			<subfield code="t">Ehre und Recht. Überlegungen zu einer Begriffs- und Sozialgeschichte zweier Grundbegriffe der mittelalterlichen Gesellschaft / </subfield>
			<subfield code="r">Schuster, Peter -- </subfield>
			<subfield code="t">II -- </subfield>
			<subfield code="t">Honor, fama, gloria. Wahrnehmungen und Funktionszuschreibungen der Ehre in der Herrschaftslehre des 17. Jahrhunderts / </subfield>
			<subfield code="r">Weber, Wolfgang -- </subfield>
			<subfield code="t">Die Ehre der Ehe - Beobachtungen zum Konzept der Ehre in der Frühen Neuzeit an Johann Fischarts 'Philosophisch Ehzuchtbüchlein' (1578) und anderen Ehelehren des 16. Jahrhunderts / </subfield>
			<subfield code="r">Puff, Helmut -- </subfield>
			<subfield code="t">III -- </subfield>
			<subfield code="t">Ehre und Geschlecht in der Frühen Neuzeit* / </subfield>
			<subfield code="r">Dinges, Martin -- </subfield>
			<subfield code="t">Tod auf der Herrenstube: Ehre und Gewalt in der Augsburger Führungsschicht (1500-1620) / </subfield>
			<subfield code="r">Häberlein, Mark -- </subfield>
			<subfield code="t">Die Ehre der Mägde zwischen Selbstdefinition und Fremdbestimmung / </subfield>
			<subfield code="r">Dürr, Renate -- </subfield>
			<subfield code="t">Crossing Gender Boundaries: Women as Drunkards in Early Modern Augsburg / </subfield>
			<subfield code="r">Tlusty, B. Ann -- </subfield>
			<subfield code="t">Metze und Magd: Krieg und die Bildfunktion des Weiblichen in deutschen Städten der Frühen Neuzeit* / </subfield>
			<subfield code="r">Rublack, Ulinka -- </subfield>
			<subfield code="t">The Religious Dimensions of Guild Notions of Honor in Reformation Germany / </subfield>
			<subfield code="r">Wiesner, Merry E. -- </subfield>
			<subfield code="t">IV -- </subfield>
			<subfield code="t">Gehe hin und verthedige dich! Injurienklagen als Mittel der Abwehr von Hexereiverdächtigungen - ein Fallbeispiel aus dem Fürstbistum Münster* / </subfield>
			<subfield code="r">Gersmann, Gudrun -- </subfield>
			<subfield code="t">Blutzeugen: Autorität und Ehre in de Braghts 'Bloody Theatre or Martyrs Mirror' / </subfield>
			<subfield code="r">Williams, Gerhild Scholz -- </subfield>
			<subfield code="t">Kontakte und Konflikte zwischen Landjuden und Christen in Schwaben während des 17. und zu Anfang des 18. Jahrhunderts* / </subfield>
			<subfield code="r">Ullmann, Sabine -- </subfield>
			<subfield code="t">Des Scharfrichters heilende Hand - Medizin und Ehre in der Frühen Neuzeit / </subfield>
			<subfield code="r">Stuart, Kathy -- </subfield>
			<subfield code="t">The Dishonorable Dead: Perceptions of Suicide in Early Modern Germany / </subfield>
			<subfield code="r">Lederer, David -- </subfield>
			<subfield code="t">Ehre in einer pluralistischen Gesellschaft: die Republik der Vereinigten Niederlande / </subfield>
			<subfield code="r">Roodenburg, Herman -- </subfield>
			<subfield code="t">Orts-, Sach- und Personenregister -- </subfield>
			<subfield code="t">Verzeichnis der Autorinnen und Autoren -- </subfield>
			<subfield code="t">Backmatter</subfield>
		</datafield>
		<datafield tag="538" ind1=" " ind2=" ">
			<subfield code="a">Mode of access: Internet via World Wide Web.</subfield>
		</datafield>
		<datafield tag="546" ind1=" " ind2=" ">
			<subfield code="a">In German.</subfield>
		</datafield>
		<datafield tag="588" ind1="0" ind2=" ">
			<subfield code="a">Description based on online resource; title from PDF title page (publisher's Web site, viewed 27. Mrz 2018)</subfield>
		</datafield>
		<datafield tag="650" ind1=" " ind2="4">
			<subfield code="a">Deutschland.</subfield>
		</datafield>
		<datafield tag="650" ind1=" " ind2="4">
			<subfield code="a">Ehre.</subfield>
		</datafield>
		<datafield tag="700" ind1="1" ind2=" ">
			<subfield code="a">Backmann, Sibylle, </subfield>
			<subfield code="e">editor.</subfield>
		</datafield>
		<datafield tag="776" ind1="0" ind2=" ">
			<subfield code="c">print</subfield>
			<subfield code="z">9783050030968</subfield>
		</datafield>
		<datafield tag="856" ind1="4" ind2="0">
			<subfield code="u">https://doi.org/10.1515/9783050073576</subfield>
		</datafield>
		<datafield tag="856" ind1="4" ind2="2">
			<subfield code="3">Cover</subfield>
			<subfield code="u">https://www.degruyter.com/doc/cover/9783050073576.jpg</subfield>
		</datafield>
		<datafield tag="912" ind1=" " ind2=" ">
			<subfield code="a">GBV-deGruyter-alles</subfield>
		</datafield>
		<datafield tag="912" ind1=" " ind2=" ">
			<subfield code="a">GBV-deGruyter-PDA11SSHE</subfield>
		</datafield>
		<datafield tag="912" ind1=" " ind2=" ">
			<subfield code="a">GBV-deGruyter-PDA14ALL</subfield>
		</datafield>
		<datafield tag="912" ind1=" " ind2=" ">
			<subfield code="a">GBV-deGruyter-PDA16SSH</subfield>
		</datafield>
		<datafield tag="912" ind1=" " ind2=" ">
			<subfield code="a">GBV-deGruyter-PDA1ALL</subfield>
		</datafield>
		<datafield tag="912" ind1=" " ind2=" ">
			<subfield code="a">GBV-deGruyter-PDA2HUM</subfield>
		</datafield>
		<datafield tag="912" ind1=" " ind2=" ">
			<subfield code="a">GBV-deGruyter-PDA5EBK</subfield>
		</datafield>
	</record>