
	<record xmlns="http://www.loc.gov/MARC21/slim">
		<leader>06347nam a22004695i 4500</leader>
		<controlfield tag="001">9783050073774</controlfield>
		<controlfield tag="003">DE-B1597</controlfield>
		<controlfield tag="005">20180327123002.0</controlfield>
		<controlfield tag="006">m|||||o||d||||||||</controlfield>
		<controlfield tag="007">cr || ||||||||</controlfield>
		<controlfield tag="008">180327s2018    gw     fo  d z      ger d</controlfield>
		<datafield tag="020" ind1=" " ind2=" ">
			<subfield code="a">9783050073774</subfield>
		</datafield>
		<datafield tag="024" ind1="7" ind2=" ">
			<subfield code="a">10.1515/9783050073774</subfield>
			<subfield code="2">doi</subfield>
		</datafield>
		<datafield tag="035" ind1=" " ind2=" ">
			<subfield code="a">(DE-B1597)238253</subfield>
		</datafield>
		<datafield tag="040" ind1=" " ind2=" ">
			<subfield code="a">DE-B1597</subfield>
			<subfield code="b">eng</subfield>
			<subfield code="c">DE-B1597</subfield>
			<subfield code="e">rda</subfield>
		</datafield>
		<datafield tag="041" ind1="0" ind2=" ">
			<subfield code="a">ger</subfield>
		</datafield>
		<datafield tag="044" ind1=" " ind2=" ">
			<subfield code="a">gw</subfield>
			<subfield code="c">DE</subfield>
		</datafield>
		<datafield tag="072" ind1=" " ind2="7">
			<subfield code="a">PHI000000</subfield>
			<subfield code="2">bisacsh</subfield>
		</datafield>
		<datafield tag="245" ind1="0" ind2="0">
			<subfield code="a">Hegel-Jahrbuch. </subfield>
			<subfield code="f">1996 /</subfield>
			<subfield code="c">begr. von Wilhelm Raimund Beyer.</subfield>
		</datafield>
		<datafield tag="250" ind1=" " ind2=" ">
			<subfield code="a">Reprint 2018</subfield>
		</datafield>
		<datafield tag="264" ind1=" " ind2="1">
			<subfield code="a">Berlin : </subfield>
			<subfield code="b">Akademie Verlag, </subfield>
			<subfield code="c">[2018]</subfield>
		</datafield>
		<datafield tag="264" ind1=" " ind2="4">
			<subfield code="c">©1997</subfield>
		</datafield>
		<datafield tag="300" ind1=" " ind2=" ">
			<subfield code="a">1 online resource </subfield>
		</datafield>
		<datafield tag="336" ind1=" " ind2=" ">
			<subfield code="a">text</subfield>
			<subfield code="b">txt</subfield>
			<subfield code="2">rdacontent</subfield>
		</datafield>
		<datafield tag="337" ind1=" " ind2=" ">
			<subfield code="a">computer</subfield>
			<subfield code="b">c</subfield>
			<subfield code="2">rdamedia</subfield>
		</datafield>
		<datafield tag="338" ind1=" " ind2=" ">
			<subfield code="a">online resource</subfield>
			<subfield code="b">cr</subfield>
			<subfield code="2">rdacarrier</subfield>
		</datafield>
		<datafield tag="347" ind1=" " ind2=" ">
			<subfield code="a">text file</subfield>
			<subfield code="b">PDF</subfield>
			<subfield code="2">rda</subfield>
		</datafield>
		<datafield tag="490" ind1="0" ind2=" ">
			<subfield code="a">Hegel-Jahrbuch</subfield>
		</datafield>
		<datafield tag="505" ind1="0" ind2="0">
			<subfield code="t">Frontmatter -- </subfield>
			<subfield code="t">Vorwort -- </subfield>
			<subfield code="t">Inhalt -- </subfield>
			<subfield code="t">ZWEITER TEIL: BUDAPEST -- </subfield>
			<subfield code="t">»ZEIT IN GEDANKEN ERFASST« ZUM VERHÄLTNIS VON BEGRIFF UND ZEIT BEI HEGEL / </subfield>
			<subfield code="r">Simon, Josef -- </subfield>
			<subfield code="t">HEGEL UND DAS ENDE DER GESCHICHTE - UND KEIN ENDE / </subfield>
			<subfield code="r">Gloy, Karen -- </subfield>
			<subfield code="t">DAS GLOBALE IST DAS UNMITTELBAR WERDEN DES ABSOLUTEN ? / </subfield>
			<subfield code="r">Kiss, Endre -- </subfield>
			<subfield code="t">FUKUYAMAS »ENDE DER GESCHICHTE« ALS ENTLASTUNGSPHÄNOMEN / </subfield>
			<subfield code="r">Friedrich, Clemens -- </subfield>
			<subfield code="t">FUKUYAMAS UNGEWOLLTE REHABILITATION DER MARXSCHEN THEORIE / </subfield>
			<subfield code="r">Tomberg, Friedrich -- </subfield>
			<subfield code="t">THE BOREDOM OF THE WORLD SPIRIT. FRANCIS FUKUYAMA AND THE KOJÈVE-STRAUSS DEBATE / </subfield>
			<subfield code="r">Nordin, Svante -- </subfield>
			<subfield code="t">THE AMERICAN SOCIETY AND THE »END OF HISTORY« / </subfield>
			<subfield code="r">Szabó, László -- </subfield>
			<subfield code="t">ZUM BEGRIFF DES ZIVILISATS / </subfield>
			<subfield code="r">Pethő, Bertalan -- </subfield>
			<subfield code="t">VORSCHLAG ZUR BEGRÜNDUNG EINER THEORIE DER TRANSZENDENTALEN GESELLSCHAFT / </subfield>
			<subfield code="r">Infranca, Antonino -- </subfield>
			<subfield code="t">ÜBER ZWEI WURZELN DER ZEIT BEI HEGEL / </subfield>
			<subfield code="r">Rodin, Davor -- </subfield>
			<subfield code="t">ANFÄNGE VON HEGELS GESCHICHTSPHILOSOPHIE IN SEINEN JUGENDSCHRIFTEN / </subfield>
			<subfield code="r">Sobotka, Milan -- </subfield>
			<subfield code="t">WIE NATÜRLICH DARF DAS PHILOSOPHISCHE WELTBILD SEIN? BEMERKUNGEN ÜBER HEGELS »NATÜRLICHES BEWUSSTSEIN« / </subfield>
			<subfield code="r">Pacho, Julián -- </subfield>
			<subfield code="t">DEUS SIVE NATURA SIVE HISTORIA? ZUM VERHÄLTNIS VON NATUR UND GESCHICHTE BEI HEGEL / </subfield>
			<subfield code="r">Tschurenev, Eva-Maria -- </subfield>
			<subfield code="t">HEGELS GESCHICHTLICHKEITSTHESE UND SEIN SATZ: »... WAS ABER WIR SIND, SIND WIR ZUGLEICH GESCHICHTLICH ...« / </subfield>
			<subfield code="r">Burger, Hotimir -- </subfield>
			<subfield code="t">GEMEINSAME ZÜGE IN HEGELS, VICOS UND HERDERS GESCHICHTSPHILOSOPHIE / </subfield>
			<subfield code="r">Rathmann, János -- </subfield>
			<subfield code="t">DER SINN DER PHILOSOPHIEGESCHICHTE BEI SCHELLING UND HEGEL / </subfield>
			<subfield code="r">Ehrhardt, Walter E. -- </subfield>
			<subfield code="t">ABSAGE AN DIE VERNUNFT IN DER GESCHICHTE ? HEINES LETZTES GEDICHT ALS ANTWORT AUF HEGEL / </subfield>
			<subfield code="r">Betz, Albrecht -- </subfield>
			<subfield code="t">»DER GEIST TRAUERT ÜBER DEN VERLUST SEINER WELT« ÜBERLEGUNGEN ZU HEGEL UND BENJAMIN / </subfield>
			<subfield code="r">Sagnol, Marc -- </subfield>
			<subfield code="t">HEGEL UND WEBER. GESCHICHTSKONZEPTION UND MENSCHLICHES SCHICKSAL / </subfield>
			<subfield code="r">Senigaglia, Cristiana -- </subfield>
			<subfield code="t">HEGEL UND INDIEN - ZUR EUROZENTRIZITÄT VON WELTGESCHICHTE / </subfield>
			<subfield code="r">Gestering, Johann Joachim -- </subfield>
			<subfield code="t">MENSCH IN DER GESCHICHTE / </subfield>
			<subfield code="r">Benedikt, Michael -- </subfield>
			<subfield code="t">INDIVIDU ET SOCIÉTÉ DANS L’HISTORIE / </subfield>
			<subfield code="r">Farinati, Alicia Noemí -- </subfield>
			<subfield code="t">ZWISCHEN WARNUNG UND HOFFNUNG. EINIGE BEMERKUNGEN ZUR GESCHICHTSPHILOSOPHISCHEN DIAGNOSE DER GEGENWART / </subfield>
			<subfield code="r">Dörwald, Uwe -- </subfield>
			<subfield code="t">GESCHICHTE AUS DER SICHT DER MARGINALISIERTEN. ZUR HERAUSFORDERUNG DER GESCHICHTSPHILOSOPHIE DER LATEINAMERIKANISCHEN »PHILOSOPHIE DER BEFREIUNG« / </subfield>
			<subfield code="r">Schelkshorn, Hans -- </subfield>
			<subfield code="t">HEGEL, DIE ETHIK UND DAS PROJEKT DER AUFKLÄRUNG / </subfield>
			<subfield code="r">Liedman, Sven-Eric -- </subfield>
			<subfield code="t">DIE KATEGORIE DER SITTLICHKEIT UND DIE WIRKLICHKEIT DER POSTKOMMUNISTISCHEN STAATEN / </subfield>
			<subfield code="r">Buksiński, Tadeusz -- </subfield>
			<subfield code="t">ALTE UND MODERNE SITTLICHKEIT / </subfield>
			<subfield code="r">De Zan, Julio -- </subfield>
			<subfield code="t">ÜBER UNIVERSALITÄT UND HISTORIZITÄT IN DER MORALPHILOSOPHIE / </subfield>
			<subfield code="r">Schweppenhäuser, Gerhard -- </subfield>
			<subfield code="t">CHARLES TAYLOR UND DIE DIALEKTIK DER ERNÜCHTERUNG / </subfield>
			<subfield code="r">Brigati, Roberto -- </subfield>
			<subfield code="t">IST DER LIBERALISMUS NOCH ZEITGEMÄSS? DIE LIBERALE SELBSTEINSCHÄTZUNG UND DIE ZEITGENÖSSISCHE KRITIK DES LIBERALISMUS / </subfield>
			<subfield code="r">Serloth, Barbara -- </subfield>
			<subfield code="t">»DAS ANERKENNENDE SELBSTBEWUSSTSEIN« BEI HEGEL / </subfield>
			<subfield code="r">Molnár, László -- </subfield>
			<subfield code="t">AUF DEM WEG ZU EINEM FORMALEN KONZEPT DER SITTLICHKEIT? DIE REINTERPRETATION DER HEGELSCHEN ANERKENNUNGSTHEORIE BEI AXEL HONNETH / </subfield>
			<subfield code="r">Kerékgártó, Béla -- </subfield>
			<subfield code="t">DAS SOZIALE KONFLIKTPOTENTIAL DER ANERKENNUNG / </subfield>
			<subfield code="r">Lütterfelds, Wilhelm -- </subfield>
			<subfield code="t">DIE ANERKENNUNGSKRISE UND DER AMERIKANISCHE TRAUM / </subfield>
			<subfield code="r">Dahlstrom, Daniel O. -- </subfield>
			<subfield code="t">SPIEGELFECHTEREI? EINIGE EINWÄNDE GEGEN LÉVINAS’ KRITIK DES PRINZIPS ›ANERKENNUNG‹ / </subfield>
			<subfield code="r">Wenzel, Uwe Justus -- </subfield>
			<subfield code="t">MARX UND DIE UNIVERSALGESCHICHTE. HEGELSCHE GRUNDLAGEN DER GESCHICHTSPHILOSOPHIE VON MARX / </subfield>
			<subfield code="r">Lendvai, Ferenc L. -- </subfield>
			<subfield code="t">VON DER »WISSENSCHAFT DER LOGIK« ZUR PHILOSOPHISCHEN LOGIK (»PERIECHONTOLOGIE«) VON K. JASPERS - EIN WEG DER GESCHICHTE? / </subfield>
			<subfield code="r">Kiel, Albrecht -- </subfield>
			<subfield code="t">DIE UNIVERSALGESCHICHTE BEI KARL JASPERS. EINHEIT DER WELTGESCHICHTE UND POLITISCHE WELTEINHEIT / </subfield>
			<subfield code="r">Goedert, Georges -- </subfield>
			<subfield code="t">HEIDEGGERS EREIGNISONTOLOGIE UND DIE ENTGESCHICHTLICHUNG DER GESCHICHTLICHKEIT / </subfield>
			<subfield code="r">Glauner, Friedrich -- </subfield>
			<subfield code="t">»... AUF VULKANISCHEM BODEN«. GESCHICHTE, KONTINGENZ UND NORMATIVITÄT BEI ERNST CASSIRER / </subfield>
			<subfield code="r">Margreiter, Reinhard -- </subfield>
			<subfield code="t">GEHLENS VERSUCH, DEN SINN DER GESCHICHTE ALS KULTURELLE EVOLUTION ZU DEUTEN / </subfield>
			<subfield code="r">Wellner, Klaus -- </subfield>
			<subfield code="t">SENS, POLITIQUE ET FIN DE L’HISTOIRE CHEZ ERIC WEIL / </subfield>
			<subfield code="r">Morresi, Ruggero -- </subfield>
			<subfield code="t">THE DILEMMA IN MODERN LANGUAGE PHILOSOPHY. AN HEGELIAN SUGGESTION / </subfield>
			<subfield code="r">Bien, Joseph J. -- </subfield>
			<subfield code="t">VON SINN UND ENDE DER GESCHICHTE. FRAGEN AN HEGEL UND MARX ANGESICHTS DES EXTERMINISMUS / </subfield>
			<subfield code="r">Schmied-Kowarzik, Wolfdietrich -- </subfield>
			<subfield code="t">NACH DEM WELTGERICHT. HEGEL ALS PHILOSOPH DES KÜNSTLICHEN LEBENS / </subfield>
			<subfield code="r">Schirmacher, Wolfgang -- </subfield>
			<subfield code="t">DAS ENDE DER IDEOLOGIEKRITIK / </subfield>
			<subfield code="r">Reijen, Willem van -- </subfield>
			<subfield code="t">VERNUNFT AM ENDE? - ZUR REKONSTRUKTION EINES HEGELSCHEN TOPOS GESCHICHTSVERHÄLTNIS UND GESCHICHTSINTERESSE ALS VERHÄLTNIS DES GEISTES UND DIE THEORIEN VOM ›ENDE DER GESCHICHTE‹ / </subfield>
			<subfield code="r">Adolphi, Rainer -- </subfield>
			<subfield code="t">KRITISCHE BEMERKUNGEN ZUM ABSCHIED VON DER IDEE DER VERNUNFTGESCHICHTE / </subfield>
			<subfield code="r">Bondeli, Martin</subfield>
		</datafield>
		<datafield tag="538" ind1=" " ind2=" ">
			<subfield code="a">Mode of access: Internet via World Wide Web.</subfield>
		</datafield>
		<datafield tag="546" ind1=" " ind2=" ">
			<subfield code="a">In German.</subfield>
		</datafield>
		<datafield tag="588" ind1="0" ind2=" ">
			<subfield code="a">Description based on online resource; title from PDF title page (publisher's Web site, viewed 27. Mrz 2018)</subfield>
		</datafield>
		<datafield tag="776" ind1="0" ind2=" ">
			<subfield code="c">print</subfield>
			<subfield code="z">9783050031200</subfield>
		</datafield>
		<datafield tag="856" ind1="4" ind2="0">
			<subfield code="u">https://doi.org/10.1515/9783050073774</subfield>
		</datafield>
		<datafield tag="856" ind1="4" ind2="2">
			<subfield code="3">Cover</subfield>
			<subfield code="u">https://www.degruyter.com/doc/cover/9783050073774.jpg</subfield>
		</datafield>
		<datafield tag="912" ind1=" " ind2=" ">
			<subfield code="a">GBV-deGruyter-alles</subfield>
		</datafield>
		<datafield tag="912" ind1=" " ind2=" ">
			<subfield code="a">GBV-deGruyter-PDA11SSHE</subfield>
		</datafield>
		<datafield tag="912" ind1=" " ind2=" ">
			<subfield code="a">GBV-deGruyter-PDA14ALL</subfield>
		</datafield>
		<datafield tag="912" ind1=" " ind2=" ">
			<subfield code="a">GBV-deGruyter-PDA16SSH</subfield>
		</datafield>
		<datafield tag="912" ind1=" " ind2=" ">
			<subfield code="a">GBV-deGruyter-PDA1ALL</subfield>
		</datafield>
		<datafield tag="912" ind1=" " ind2=" ">
			<subfield code="a">GBV-deGruyter-PDA2HUM</subfield>
		</datafield>
		<datafield tag="912" ind1=" " ind2=" ">
			<subfield code="a">GBV-deGruyter-PDA5EBK</subfield>
		</datafield>
	</record>