
	<record xmlns="http://www.loc.gov/MARC21/slim">
		<leader>02899nam a22005175i 4500</leader>
		<controlfield tag="001">9783050074511</controlfield>
		<controlfield tag="003">DE-B1597</controlfield>
		<controlfield tag="005">20180327123002.0</controlfield>
		<controlfield tag="006">m|||||o||d||||||||</controlfield>
		<controlfield tag="007">cr || ||||||||</controlfield>
		<controlfield tag="008">180327s2018    gw     fo  d z      ger d</controlfield>
		<datafield tag="020" ind1=" " ind2=" ">
			<subfield code="a">9783050074511</subfield>
		</datafield>
		<datafield tag="024" ind1="7" ind2=" ">
			<subfield code="a">10.1515/9783050074511</subfield>
			<subfield code="2">doi</subfield>
		</datafield>
		<datafield tag="035" ind1=" " ind2=" ">
			<subfield code="a">(DE-B1597)238326</subfield>
		</datafield>
		<datafield tag="040" ind1=" " ind2=" ">
			<subfield code="a">DE-B1597</subfield>
			<subfield code="b">eng</subfield>
			<subfield code="c">DE-B1597</subfield>
			<subfield code="e">rda</subfield>
		</datafield>
		<datafield tag="041" ind1="0" ind2=" ">
			<subfield code="a">ger</subfield>
		</datafield>
		<datafield tag="044" ind1=" " ind2=" ">
			<subfield code="a">gw</subfield>
			<subfield code="c">DE</subfield>
		</datafield>
		<datafield tag="072" ind1=" " ind2="7">
			<subfield code="a">ART000000</subfield>
			<subfield code="2">bisacsh</subfield>
		</datafield>
		<datafield tag="072" ind1=" " ind2="7">
			<subfield code="a">PHI000000</subfield>
			<subfield code="2">bisacsh</subfield>
		</datafield>
		<datafield tag="100" ind1="1" ind2=" ">
			<subfield code="a">Welsch, Wolfgang,</subfield>
			<subfield code="e">author.</subfield>
		</datafield>
		<datafield tag="245" ind1="1" ind2="0">
			<subfield code="a">Unsere postmoderne Moderne /</subfield>
			<subfield code="c">Wolfgang Welsch.</subfield>
		</datafield>
		<datafield tag="250" ind1=" " ind2=" ">
			<subfield code="a">5. Aufl. Reprint 2018</subfield>
		</datafield>
		<datafield tag="264" ind1=" " ind2="1">
			<subfield code="a">Berlin : </subfield>
			<subfield code="b">Akademie Verlag, </subfield>
			<subfield code="c">[2018]</subfield>
		</datafield>
		<datafield tag="264" ind1=" " ind2="4">
			<subfield code="c">©1997</subfield>
		</datafield>
		<datafield tag="300" ind1=" " ind2=" ">
			<subfield code="a">1 online resource (364 p.)</subfield>
		</datafield>
		<datafield tag="336" ind1=" " ind2=" ">
			<subfield code="a">text</subfield>
			<subfield code="b">txt</subfield>
			<subfield code="2">rdacontent</subfield>
		</datafield>
		<datafield tag="337" ind1=" " ind2=" ">
			<subfield code="a">computer</subfield>
			<subfield code="b">c</subfield>
			<subfield code="2">rdamedia</subfield>
		</datafield>
		<datafield tag="338" ind1=" " ind2=" ">
			<subfield code="a">online resource</subfield>
			<subfield code="b">cr</subfield>
			<subfield code="2">rdacarrier</subfield>
		</datafield>
		<datafield tag="347" ind1=" " ind2=" ">
			<subfield code="a">text file</subfield>
			<subfield code="b">PDF</subfield>
			<subfield code="2">rda</subfield>
		</datafield>
		<datafield tag="490" ind1="0" ind2=" ">
			<subfield code="a">Acta humaniora</subfield>
		</datafield>
		<datafield tag="505" ind1="0" ind2="0">
			<subfield code="t">Frontmatter -- </subfield>
			<subfield code="t">Inhalt -- </subfield>
			<subfield code="t">Vorbemerkung -- </subfield>
			<subfield code="t">Einleitung -- </subfield>
			<subfield code="t">I. Kapitel: „Postmoderne". Die Genealogie des Ausdrucks, die Bandbreite des Terminus, der Sinn des Begriffs -- </subfield>
			<subfield code="t">II. Kapitel: Moderne-Schillernder Gegenpol der Postmoderne -- </subfield>
			<subfield code="t">III. Kapitel: Neuzeit - Moderne - Postmoderne -- </subfield>
			<subfield code="t">IV. Kapitel: Postmoderne für alle: Die postmoderne Architektur -- </subfield>
			<subfield code="t">V. Kapitel: Panorama philosophischer Postmoderne- Positionen -- </subfield>
			<subfield code="t">VI. Kapitel: Lyotards Programmschrift oder Die philosophische Perspektive der Postmoderne -- </subfield>
			<subfield code="t">VII. Kapitel: Moderne des 20. Jahrhunderts und Postmoderne oder Von der Sensation zur Selbstverständlichkeit -- </subfield>
			<subfield code="t">Einleitung -- </subfield>
			<subfield code="t">I. Intermezzo. Heidegger oder Postmetaphysik versus Postmoderne -- </subfield>
			<subfield code="t">II. Intermezzo. Postmoderne versus Technologisches Zeitalter -- </subfield>
			<subfield code="t">VIII. Kapitel: Der Widerstreit oder Eine postmoderne Gerechtigkeitskonzeption -- </subfield>
			<subfield code="t">IX. Kapitel: Der gegenwärtige Streit um die Vernunft -- </subfield>
			<subfield code="t">X. Kapitel: Vielfalt von Rationalitätstypen – Einheit der Vernunft Modelle der Tradition -- </subfield>
			<subfield code="t">XI. Kapitel: Transversale Vernunft -- </subfield>
			<subfield code="t">XII. Kapitel: Perspektiven der Postmoderne -- </subfield>
			<subfield code="t">Ergänzende Veröffentlichungen von Wolfgang Welsch zum Thema Postmoderne -- </subfield>
			<subfield code="t">Personenregister -- </subfield>
			<subfield code="t">Sachregister -- </subfield>
			<subfield code="t">Backmatter</subfield>
		</datafield>
		<datafield tag="538" ind1=" " ind2=" ">
			<subfield code="a">Mode of access: Internet via World Wide Web.</subfield>
		</datafield>
		<datafield tag="546" ind1=" " ind2=" ">
			<subfield code="a">In German.</subfield>
		</datafield>
		<datafield tag="588" ind1="0" ind2=" ">
			<subfield code="a">Description based on online resource; title from PDF title page (publisher's Web site, viewed 27. Mrz 2018)</subfield>
		</datafield>
		<datafield tag="650" ind1=" " ind2="4">
			<subfield code="a">Lyotard, Jean-François.</subfield>
		</datafield>
		<datafield tag="650" ind1=" " ind2="4">
			<subfield code="a">Postmoderne.</subfield>
		</datafield>
		<datafield tag="776" ind1="0" ind2=" ">
			<subfield code="c">print</subfield>
			<subfield code="z">9783050032078</subfield>
		</datafield>
		<datafield tag="856" ind1="4" ind2="0">
			<subfield code="u">https://doi.org/10.1515/9783050074511</subfield>
		</datafield>
		<datafield tag="856" ind1="4" ind2="2">
			<subfield code="3">Cover</subfield>
			<subfield code="u">https://www.degruyter.com/doc/cover/9783050074511.jpg</subfield>
		</datafield>
		<datafield tag="912" ind1=" " ind2=" ">
			<subfield code="a">GBV-deGruyter-alles</subfield>
		</datafield>
		<datafield tag="912" ind1=" " ind2=" ">
			<subfield code="a">GBV-deGruyter-PDA11SSHE</subfield>
		</datafield>
		<datafield tag="912" ind1=" " ind2=" ">
			<subfield code="a">GBV-deGruyter-PDA14ALL</subfield>
		</datafield>
		<datafield tag="912" ind1=" " ind2=" ">
			<subfield code="a">GBV-deGruyter-PDA16SSH</subfield>
		</datafield>
		<datafield tag="912" ind1=" " ind2=" ">
			<subfield code="a">GBV-deGruyter-PDA1ALL</subfield>
		</datafield>
		<datafield tag="912" ind1=" " ind2=" ">
			<subfield code="a">GBV-deGruyter-PDA2HUM</subfield>
		</datafield>
		<datafield tag="912" ind1=" " ind2=" ">
			<subfield code="a">GBV-deGruyter-PDA5EBK</subfield>
		</datafield>
	</record>