
	<record xmlns="http://www.loc.gov/MARC21/slim">
		<leader>04042nam a22005535i 4500</leader>
		<controlfield tag="001">9783050076935</controlfield>
		<controlfield tag="003">DE-B1597</controlfield>
		<controlfield tag="005">20180327123002.0</controlfield>
		<controlfield tag="006">m|||||o||d||||||||</controlfield>
		<controlfield tag="007">cr || ||||||||</controlfield>
		<controlfield tag="008">180327s2018    gw     fo  d z      ger d</controlfield>
		<datafield tag="020" ind1=" " ind2=" ">
			<subfield code="a">9783050076935</subfield>
		</datafield>
		<datafield tag="024" ind1="7" ind2=" ">
			<subfield code="a">10.1515/9783050076935</subfield>
			<subfield code="2">doi</subfield>
		</datafield>
		<datafield tag="035" ind1=" " ind2=" ">
			<subfield code="a">(DE-B1597)238557</subfield>
		</datafield>
		<datafield tag="040" ind1=" " ind2=" ">
			<subfield code="a">DE-B1597</subfield>
			<subfield code="b">eng</subfield>
			<subfield code="c">DE-B1597</subfield>
			<subfield code="e">rda</subfield>
		</datafield>
		<datafield tag="041" ind1="0" ind2=" ">
			<subfield code="a">ger</subfield>
		</datafield>
		<datafield tag="044" ind1=" " ind2=" ">
			<subfield code="a">gw</subfield>
			<subfield code="c">DE</subfield>
		</datafield>
		<datafield tag="072" ind1=" " ind2="7">
			<subfield code="a">HIS000000</subfield>
			<subfield code="2">bisacsh</subfield>
		</datafield>
		<datafield tag="072" ind1=" " ind2="7">
			<subfield code="a">HIS037030</subfield>
			<subfield code="2">bisacsh</subfield>
		</datafield>
		<datafield tag="245" ind1="0" ind2="0">
			<subfield code="a">Landjudentum im deutschen Südwesten während der Frühen Neuzeit /</subfield>
			<subfield code="c">Rolf Kießling, Sabine Ullmann.</subfield>
		</datafield>
		<datafield tag="250" ind1=" " ind2=" ">
			<subfield code="a">Reprint 2018</subfield>
		</datafield>
		<datafield tag="264" ind1=" " ind2="1">
			<subfield code="a">Berlin : </subfield>
			<subfield code="b">Akademie Verlag, </subfield>
			<subfield code="c">[2018]</subfield>
		</datafield>
		<datafield tag="264" ind1=" " ind2="4">
			<subfield code="c">©1999</subfield>
		</datafield>
		<datafield tag="300" ind1=" " ind2=" ">
			<subfield code="a">1 online resource </subfield>
		</datafield>
		<datafield tag="336" ind1=" " ind2=" ">
			<subfield code="a">text</subfield>
			<subfield code="b">txt</subfield>
			<subfield code="2">rdacontent</subfield>
		</datafield>
		<datafield tag="337" ind1=" " ind2=" ">
			<subfield code="a">computer</subfield>
			<subfield code="b">c</subfield>
			<subfield code="2">rdamedia</subfield>
		</datafield>
		<datafield tag="338" ind1=" " ind2=" ">
			<subfield code="a">online resource</subfield>
			<subfield code="b">cr</subfield>
			<subfield code="2">rdacarrier</subfield>
		</datafield>
		<datafield tag="347" ind1=" " ind2=" ">
			<subfield code="a">text file</subfield>
			<subfield code="b">PDF</subfield>
			<subfield code="2">rda</subfield>
		</datafield>
		<datafield tag="490" ind1="0" ind2=" ">
			<subfield code="a">Colloquia Augustana ;</subfield>
			<subfield code="v">10</subfield>
		</datafield>
		<datafield tag="505" ind1="0" ind2="0">
			<subfield code="t">Frontmatter -- </subfield>
			<subfield code="t">Vorwort -- </subfield>
			<subfield code="t">Inhaltsverzeichnis -- </subfield>
			<subfield code="t">Abkürzungsverzeichnis -- </subfield>
			<subfield code="t">Einführung / </subfield>
			<subfield code="r">Kießling, Rolf / Ullmann, Sabine -- </subfield>
			<subfield code="t">I. Recht und Politik -- </subfield>
			<subfield code="t">Die Judenordnung der Markgrafschaft Burgau von 1534* / </subfield>
			<subfield code="r">Mix, Rosemarie -- </subfield>
			<subfield code="t">Ortsherrschaft und jüdische Gemeinde als Vertragspartner: Der Burgauer Rezeß von 1717 für Ichenhausen* / </subfield>
			<subfield code="r">Höhnle, Susanne -- </subfield>
			<subfield code="t">Juden in fuggerischen Herrschaften / </subfield>
			<subfield code="r">Koutnâ, Dana V. -- </subfield>
			<subfield code="t">Bitten um den Schutz: Staatliche Judenpolitik und Lebensführung von Juden im Lichte von Schutzsupplikationen aus der Markgrafschaft Baden(-Durlach) im 18. Jahrhundert* / </subfield>
			<subfield code="r">Holenstein, André -- </subfield>
			<subfield code="t">II. Gemeinde und Sachkultur -- </subfield>
			<subfield code="t">Gemeinschaft, Konflikt und Wandel. Jüdische Gemeindestrukturen im Deutschland des 15. Jahrhunderts* / </subfield>
			<subfield code="r">Bell, Dean Phillip -- </subfield>
			<subfield code="t">Ungleiche Partnerschaft. Simon Günzburg und die erste Ansiedlung von Juden vor den Toren Augsburgs in der Frühen Neuzeit / </subfield>
			<subfield code="r">Rohrbacher, Stefan -- </subfield>
			<subfield code="t">Eine süddeutsche jüdische Textilie aus dem frühen 17. Jahrhundert / </subfield>
			<subfield code="r">Guth-Dreyfus, Katia -- </subfield>
			<subfield code="t">Jüdische Sachkultur in burgauischen Landgemeinden bis zur Emanzipation / </subfield>
			<subfield code="r">Weber, Annette -- </subfield>
			<subfield code="t">III. Koexistenz und Kooperation -- </subfield>
			<subfield code="t">Hebräisch-jüdischer Buchdruck in Schwaben in der ersten Hälfte des 16. Jahrhunderts* / </subfield>
			<subfield code="r">Künast, Hans-Jörg -- </subfield>
			<subfield code="t">'Leihen umb fahrend Hab und Gut'. Der christlich-jüdische Pfandhandel in der Reichsstadt Augsburg* / </subfield>
			<subfield code="r">Ullmann, Sabine -- </subfield>
			<subfield code="t">Aspekte christlich-jüdischer Wirtschaftsgeschichte am Beispiel der Reichsgrafschaft Thannhausen / </subfield>
			<subfield code="r">Stegmann, Bernhard -- </subfield>
			<subfield code="t">Zwischen Integration und Ausgrenzung: Juden in der oberrheinischen Kleinstadt Emmendingen 1680-1800 / </subfield>
			<subfield code="r">Schmölz-Häberlein, Michaela -- </subfield>
			<subfield code="t">Abbildungsnachweis -- </subfield>
			<subfield code="t">Verzeichnis der Autorinnen und Autoren</subfield>
		</datafield>
		<datafield tag="520" ind1=" " ind2=" ">
			<subfield code="a">In der Historiographie der letzten Jahre konnten aufgrund des Perspektivenwechsels vom urbanen Judentum des Mittelalters zum frühneuzeitlichen Landjudentum viele gängige Vorstellungen christlich-jüdischer Geschichte revidiert und neue Sichtweisen im Hinblick auf den sozialen Status und das qualitative Verhältnis zwischen Juden und ihrer nichtjüdischen Umwelt erbracht werden. Der Band schließt an den Band 2 derselben Reihe (Judengemeinden in Schwaben im Kontext des Alten Reiches, herausgegeben von Rolf Kießling, ISBN 3-05-002616-2) direkt an.</subfield>
		</datafield>
		<datafield tag="538" ind1=" " ind2=" ">
			<subfield code="a">Mode of access: Internet via World Wide Web.</subfield>
		</datafield>
		<datafield tag="546" ind1=" " ind2=" ">
			<subfield code="a">In German.</subfield>
		</datafield>
		<datafield tag="588" ind1="0" ind2=" ">
			<subfield code="a">Description based on online resource; title from PDF title page (publisher's Web site, viewed 27. Mrz 2018)</subfield>
		</datafield>
		<datafield tag="650" ind1=" " ind2="4">
			<subfield code="a">Juden.</subfield>
		</datafield>
		<datafield tag="650" ind1=" " ind2="4">
			<subfield code="a">Schwaben.</subfield>
		</datafield>
		<datafield tag="650" ind1=" " ind2="4">
			<subfield code="a">Süddeutschland.</subfield>
		</datafield>
		<datafield tag="700" ind1="1" ind2=" ">
			<subfield code="a">Kießling, Rolf, </subfield>
			<subfield code="e">editor.</subfield>
		</datafield>
		<datafield tag="700" ind1="1" ind2=" ">
			<subfield code="a">Ullmann, Sabine, </subfield>
			<subfield code="e">editor.</subfield>
		</datafield>
		<datafield tag="776" ind1="0" ind2=" ">
			<subfield code="c">print</subfield>
			<subfield code="z">9783050034027</subfield>
		</datafield>
		<datafield tag="856" ind1="4" ind2="0">
			<subfield code="u">https://doi.org/10.1515/9783050076935</subfield>
		</datafield>
		<datafield tag="856" ind1="4" ind2="2">
			<subfield code="3">Cover</subfield>
			<subfield code="u">https://www.degruyter.com/doc/cover/9783050076935.jpg</subfield>
		</datafield>
		<datafield tag="912" ind1=" " ind2=" ">
			<subfield code="a">GBV-deGruyter-alles</subfield>
		</datafield>
		<datafield tag="912" ind1=" " ind2=" ">
			<subfield code="a">GBV-deGruyter-PDA11SSHE</subfield>
		</datafield>
		<datafield tag="912" ind1=" " ind2=" ">
			<subfield code="a">GBV-deGruyter-PDA14ALL</subfield>
		</datafield>
		<datafield tag="912" ind1=" " ind2=" ">
			<subfield code="a">GBV-deGruyter-PDA16SSH</subfield>
		</datafield>
		<datafield tag="912" ind1=" " ind2=" ">
			<subfield code="a">GBV-deGruyter-PDA1ALL</subfield>
		</datafield>
		<datafield tag="912" ind1=" " ind2=" ">
			<subfield code="a">GBV-deGruyter-PDA2HUM</subfield>
		</datafield>
		<datafield tag="912" ind1=" " ind2=" ">
			<subfield code="a">GBV-deGruyter-PDA5EBK</subfield>
		</datafield>
	</record>