
	<record xmlns="http://www.loc.gov/MARC21/slim">
		<leader>06785nam a22007215i 4500</leader>
		<controlfield tag="001">9783110337419</controlfield>
		<controlfield tag="003">DE-B1597</controlfield>
		<controlfield tag="005">20180327123002.0</controlfield>
		<controlfield tag="006">m|||||o||d||||||||</controlfield>
		<controlfield tag="007">cr || ||||||||</controlfield>
		<controlfield tag="008">180327s2018    gw     fo  d z      eng d</controlfield>
		<datafield tag="020" ind1=" " ind2=" ">
			<subfield code="a">9783110337419</subfield>
		</datafield>
		<datafield tag="024" ind1="7" ind2=" ">
			<subfield code="a">10.1515/9783110337419</subfield>
			<subfield code="2">doi</subfield>
		</datafield>
		<datafield tag="035" ind1=" " ind2=" ">
			<subfield code="a">(DE-B1597)214491</subfield>
		</datafield>
		<datafield tag="040" ind1=" " ind2=" ">
			<subfield code="a">DE-B1597</subfield>
			<subfield code="b">eng</subfield>
			<subfield code="c">DE-B1597</subfield>
			<subfield code="e">rda</subfield>
		</datafield>
		<datafield tag="041" ind1="0" ind2=" ">
			<subfield code="a">eng</subfield>
		</datafield>
		<datafield tag="044" ind1=" " ind2=" ">
			<subfield code="a">gw</subfield>
			<subfield code="c">DE</subfield>
		</datafield>
		<datafield tag="072" ind1=" " ind2="7">
			<subfield code="a">LAN025000</subfield>
			<subfield code="2">bisacsh</subfield>
		</datafield>
		<datafield tag="245" ind1="0" ind2="0">
			<subfield code="a">Organization, Representation and Description through the Digital Age :</subfield>
			<subfield code="b">Information in Libraries, Archives and Museums /</subfield>
			<subfield code="c">Caroline Fuchs, Christine M. Angel.</subfield>
		</datafield>
		<datafield tag="264" ind1=" " ind2="1">
			<subfield code="a">Berlin ;Boston : </subfield>
			<subfield code="b">De Gruyter Saur, </subfield>
			<subfield code="c">[2018]</subfield>
		</datafield>
		<datafield tag="264" ind1=" " ind2="4">
			<subfield code="c">©2018</subfield>
		</datafield>
		<datafield tag="300" ind1=" " ind2=" ">
			<subfield code="a">1 online resource (303 p.)</subfield>
		</datafield>
		<datafield tag="336" ind1=" " ind2=" ">
			<subfield code="a">text</subfield>
			<subfield code="b">txt</subfield>
			<subfield code="2">rdacontent</subfield>
		</datafield>
		<datafield tag="337" ind1=" " ind2=" ">
			<subfield code="a">computer</subfield>
			<subfield code="b">c</subfield>
			<subfield code="2">rdamedia</subfield>
		</datafield>
		<datafield tag="338" ind1=" " ind2=" ">
			<subfield code="a">online resource</subfield>
			<subfield code="b">cr</subfield>
			<subfield code="2">rdacarrier</subfield>
		</datafield>
		<datafield tag="347" ind1=" " ind2=" ">
			<subfield code="a">text file</subfield>
			<subfield code="b">PDF</subfield>
			<subfield code="2">rda</subfield>
		</datafield>
		<datafield tag="490" ind1="0" ind2=" ">
			<subfield code="a">Current Topics in Library and Information Practice</subfield>
		</datafield>
		<datafield tag="505" ind1="0" ind2="0">
			<subfield code="t">Frontmatter -- </subfield>
			<subfield code="t">Contents -- </subfield>
			<subfield code="t">Preface -- </subfield>
			<subfield code="t">Introduction -- </subfield>
			<subfield code="t">Part I: Cataloging Technologies and its Influence on the Organization and Description of Information -- </subfield>
			<subfield code="t">1. The Historical Use of Catalogs in the Arrangement of Knowledge in Libraries, Archives, and Museums: A Survey / </subfield>
			<subfield code="r">Handis, Michael W. -- </subfield>
			<subfield code="t">Part II: The Transition from Analog to Digital. Web 1.0 -- </subfield>
			<subfield code="t">2. Analog to Digital: The Growing Pains of a Religious Archive Migrating its Administrative Collections / </subfield>
			<subfield code="r">Levy, Michelle / Orozco, Christina -- </subfield>
			<subfield code="t">3. The Theory was Sound: A Case Study in the Lifecycle of a Library Streaming Sound Collection / </subfield>
			<subfield code="r">Starcher, Christopher / Perrin, Joy / Barba, Shelley -- </subfield>
			<subfield code="t">4. Digital Access Enhancement Initiative at the National Music Museum / </subfield>
			<subfield code="r">Lohnes-Davies, Dara -- </subfield>
			<subfield code="t">5. Cataloging and Description Practices Informed by Rationale in a Small LAM Environment / </subfield>
			<subfield code="r">Colwell, Tess -- </subfield>
			<subfield code="t">Part III: Finding Structure. Making Connections. Web 2.0 -- </subfield>
			<subfield code="t">6. Digital Archival Representation: Approaches and Challenges / </subfield>
			<subfield code="r">Zhang, Jane -- </subfield>
			<subfield code="t">7. Linking Items, Connecting Content: The Donald Thomson Collection / </subfield>
			<subfield code="r">Jones, Mike -- </subfield>
			<subfield code="t">8. Information Management Systems at the Metropolitan Museum of Art / </subfield>
			<subfield code="r">Choi, Jennie / Fiorino-Iannace, Giovanna -- </subfield>
			<subfield code="t">9. Art Information Culture: Contemporary Disruptions in Museums / </subfield>
			<subfield code="r">White, Layna -- </subfield>
			<subfield code="t">10. How Metadata Informs Purpose: A Case Study of NYPL’s Open Source GIS-Driven MapWarper Tool / </subfield>
			<subfield code="r">Griffin, Emily / Lipkin, Rachel -- </subfield>
			<subfield code="t">Part IV: Transition to Web 3.0 -- </subfield>
			<subfield code="t">11. Transcribe as Seen: Challenging RDA Regarding Gender in Moving Image Materials -- </subfield>
			<subfield code="t">12. Cultural Heritage Curriculum Crosswalk: Using Metadata to Connect to Curriculum / </subfield>
			<subfield code="r">Yaco, Sonia / Rizvi, Saleha / Ramaprasad, Arkalgud -- </subfield>
			<subfield code="t">13. Optimizing Merged Metadata Standards for Online Community History: A Linked Open Data Approach / </subfield>
			<subfield code="r">Gross, K. Meghan / Lampert, Cory / Lapworth, Emily -- </subfield>
			<subfield code="t">14. Evolution and Revolution in Metadata Librarianship: Identifying New Requirements for Professional Qualifications amid Organizational Change / </subfield>
			<subfield code="r">Glendon, Ivey -- </subfield>
			<subfield code="t">15. Increasing Interoperability through the Transformation and the Consolidation of Image Collections’ Metadata / </subfield>
			<subfield code="r">Triplett, Jocelyn Olson -- </subfield>
			<subfield code="t">16. Large Scale with a Small Staff and Even Smaller Budget: Updating Metadata to Reflect Revised Best Practices / </subfield>
			<subfield code="r">Ivey, Susan / Emanuel, Michelle -- </subfield>
			<subfield code="t">17. Bringing the Archives Out of the Art Museum: Local Metadata Planning within a Global Context / </subfield>
			<subfield code="r">Norling, Samantha -- </subfield>
			<subfield code="t">18. Experiments in High Resolution Imaging for Exhibition and Publication of Historic Fashion: The Drexel Digital Museum Project / </subfield>
			<subfield code="r">Martin, Kathi / Lamm, Spencer / Tomren, Holly / Caulfield-Sriklad, Daniel / Jushchyshyn, Nick -- </subfield>
			<subfield code="t">About the authors -- </subfield>
			<subfield code="t">Index</subfield>
		</datafield>
		<datafield tag="520" ind1=" " ind2=" ">
			<subfield code="a">Cataloging standards practiced within the traditional library, archive and museum environments are not interoperable for the retrieval of objects within the shared online environment. Within today’s information environments, library, archive and museum professionals are becoming aware that all information objects can be linked together. In this way, information professionals have the opportunity to collaborate and share data together with the shard online cataloging environment, the end result being improved retrieval effectiveness. But the adaptation has been slow: Libraries, archives and museums are still operating within their own community-specific cataloging practices. This book provides a historical perspective of the evolution of linking devices within the library, archive, and museums environments, and captures current cataloging practices in these fields. It offers suggestions for moving beyond community-specific cataloging principles and thus has the potential of becoming a springboard for further conversation and the sharing of ideas. </subfield>
		</datafield>
		<datafield tag="538" ind1=" " ind2=" ">
			<subfield code="a">Mode of access: Internet via World Wide Web.</subfield>
		</datafield>
		<datafield tag="546" ind1=" " ind2=" ">
			<subfield code="a">In English.</subfield>
		</datafield>
		<datafield tag="588" ind1="0" ind2=" ">
			<subfield code="a">Description based on online resource; title from PDF title page (publisher's Web site, viewed 27. Mrz 2018)</subfield>
		</datafield>
		<datafield tag="650" ind1=" " ind2="4">
			<subfield code="a">Digital Humanities.</subfield>
		</datafield>
		<datafield tag="650" ind1=" " ind2="4">
			<subfield code="a">Information retrieval.</subfield>
		</datafield>
		<datafield tag="650" ind1=" " ind2="4">
			<subfield code="a">Katalogisierung.</subfield>
		</datafield>
		<datafield tag="650" ind1=" " ind2="4">
			<subfield code="a">Metadaten.</subfield>
		</datafield>
		<datafield tag="700" ind1="1" ind2=" ">
			<subfield code="a">Angel, Christine M., </subfield>
			<subfield code="e">editor.</subfield>
		</datafield>
		<datafield tag="700" ind1="1" ind2=" ">
			<subfield code="a">Fuchs, Caroline, </subfield>
			<subfield code="e">editor.</subfield>
		</datafield>
		<datafield tag="773" ind1="0" ind2="8">
			<subfield code="i">Title is part of eBook package:</subfield>
			<subfield code="d">De Gruyter</subfield>
			<subfield code="t">EBOOK PACKAGE COMPLETE 2018 English</subfield>
			<subfield code="z">9783110604252</subfield>
		</datafield>
		<datafield tag="773" ind1="0" ind2="8">
			<subfield code="i">Title is part of eBook package:</subfield>
			<subfield code="d">De Gruyter</subfield>
			<subfield code="t">EBOOK PACKAGE COMPLETE 2018</subfield>
			<subfield code="z">9783110603255</subfield>
			<subfield code="o">ZDB-23-DGG</subfield>
		</datafield>
		<datafield tag="773" ind1="0" ind2="8">
			<subfield code="i">Title is part of eBook package:</subfield>
			<subfield code="d">De Gruyter</subfield>
			<subfield code="t">EBOOK PACKAGE Library and Information Science 2017</subfield>
			<subfield code="z">9783110547863</subfield>
			<subfield code="o">ZDB-23-DGB</subfield>
		</datafield>
		<datafield tag="773" ind1="0" ind2="8">
			<subfield code="i">Title is part of eBook package:</subfield>
			<subfield code="d">De Gruyter</subfield>
			<subfield code="t">EBOOK PACKAGE Library and Information Science 2018 English</subfield>
			<subfield code="z">9783110604047</subfield>
		</datafield>
		<datafield tag="773" ind1="0" ind2="8">
			<subfield code="i">Title is part of eBook package:</subfield>
			<subfield code="d">De Gruyter</subfield>
			<subfield code="t">EBOOK PACKAGE Library and Information Science 2018</subfield>
			<subfield code="z">9783110603163</subfield>
			<subfield code="o">ZDB-23-DGB</subfield>
		</datafield>
		<datafield tag="776" ind1="0" ind2=" ">
			<subfield code="c">EPUB</subfield>
			<subfield code="z">978-3-11-039599-0</subfield>
		</datafield>
		<datafield tag="776" ind1="0" ind2=" ">
			<subfield code="c">print</subfield>
			<subfield code="z">9783110337150</subfield>
		</datafield>
		<datafield tag="856" ind1="4" ind2="0">
			<subfield code="u">https://doi.org/10.1515/9783110337419</subfield>
		</datafield>
		<datafield tag="856" ind1="4" ind2="2">
			<subfield code="3">Cover</subfield>
			<subfield code="u">https://www.degruyter.com/doc/cover/9783110337419.jpg</subfield>
		</datafield>
		<datafield tag="912" ind1=" " ind2=" ">
			<subfield code="a">978-3-11-060404-7  EBOOK PACKAGE Library and Information Science 2018 English</subfield>
			<subfield code="b">2018</subfield>
		</datafield>
		<datafield tag="912" ind1=" " ind2=" ">
			<subfield code="a">978-3-11-060425-2  EBOOK PACKAGE COMPLETE 2018 English</subfield>
			<subfield code="b">2018</subfield>
		</datafield>
		<datafield tag="912" ind1=" " ind2=" ">
			<subfield code="a">GBV-deGruyter-alles</subfield>
		</datafield>
		<datafield tag="912" ind1=" " ind2=" ">
			<subfield code="a">GBV-deGruyter-PDA11SSHE</subfield>
		</datafield>
		<datafield tag="912" ind1=" " ind2=" ">
			<subfield code="a">GBV-deGruyter-PDA13ENGE</subfield>
		</datafield>
		<datafield tag="912" ind1=" " ind2=" ">
			<subfield code="a">GBV-deGruyter-PDA14ALL</subfield>
		</datafield>
		<datafield tag="912" ind1=" " ind2=" ">
			<subfield code="a">GBV-deGruyter-PDA16SSH</subfield>
		</datafield>
		<datafield tag="912" ind1=" " ind2=" ">
			<subfield code="a">GBV-deGruyter-PDA17SSHEE</subfield>
		</datafield>
		<datafield tag="912" ind1=" " ind2=" ">
			<subfield code="a">GBV-deGruyter-PDA1ALL</subfield>
		</datafield>
		<datafield tag="912" ind1=" " ind2=" ">
			<subfield code="a">GBV-deGruyter-PDA2</subfield>
		</datafield>
		<datafield tag="912" ind1=" " ind2=" ">
			<subfield code="a">GBV-deGruyter-PDA2HUM</subfield>
		</datafield>
		<datafield tag="912" ind1=" " ind2=" ">
			<subfield code="a">GBV-deGruyter-PDA5EBK</subfield>
		</datafield>
		<datafield tag="912" ind1=" " ind2=" ">
			<subfield code="a">GBV-deGruyter-PDA7ENG</subfield>
		</datafield>
		<datafield tag="912" ind1=" " ind2=" ">
			<subfield code="a">ZDB-23-DGB</subfield>
			<subfield code="b">2017</subfield>
		</datafield>
		<datafield tag="912" ind1=" " ind2=" ">
			<subfield code="a">ZDB-23-DGB</subfield>
			<subfield code="b">2018</subfield>
		</datafield>
		<datafield tag="912" ind1=" " ind2=" ">
			<subfield code="a">ZDB-23-DGG</subfield>
			<subfield code="b">2018</subfield>
		</datafield>
	</record>