
	<record xmlns="http://www.loc.gov/MARC21/slim">
		<leader>04231nam a22006855i 4500</leader>
		<controlfield tag="001">9783110446869</controlfield>
		<controlfield tag="003">DE-B1597</controlfield>
		<controlfield tag="005">20180327123002.0</controlfield>
		<controlfield tag="006">m|||||o||d||||||||</controlfield>
		<controlfield tag="007">cr || ||||||||</controlfield>
		<controlfield tag="008">180327s2018    gw     fo  d z      ger d</controlfield>
		<datafield tag="020" ind1=" " ind2=" ">
			<subfield code="a">9783110446869</subfield>
		</datafield>
		<datafield tag="024" ind1="7" ind2=" ">
			<subfield code="a">10.1515/9783110446869</subfield>
			<subfield code="2">doi</subfield>
		</datafield>
		<datafield tag="035" ind1=" " ind2=" ">
			<subfield code="a">(DE-B1597)457398</subfield>
		</datafield>
		<datafield tag="040" ind1=" " ind2=" ">
			<subfield code="a">DE-B1597</subfield>
			<subfield code="b">eng</subfield>
			<subfield code="c">DE-B1597</subfield>
			<subfield code="e">rda</subfield>
		</datafield>
		<datafield tag="041" ind1="0" ind2=" ">
			<subfield code="a">ger</subfield>
		</datafield>
		<datafield tag="044" ind1=" " ind2=" ">
			<subfield code="a">gw</subfield>
			<subfield code="c">DE</subfield>
		</datafield>
		<datafield tag="072" ind1=" " ind2="7">
			<subfield code="a">COM000000</subfield>
			<subfield code="2">bisacsh</subfield>
		</datafield>
		<datafield tag="072" ind1=" " ind2="7">
			<subfield code="a">COM051230</subfield>
			<subfield code="2">bisacsh</subfield>
		</datafield>
		<datafield tag="100" ind1="1" ind2=" ">
			<subfield code="a">Herczeg, Michael,</subfield>
			<subfield code="e">author.</subfield>
		</datafield>
		<datafield tag="245" ind1="1" ind2="0">
			<subfield code="a">Software-Ergonomie :</subfield>
			<subfield code="b">Theorien, Modelle und Kriterien für gebrauchstaugliche interaktive Computersysteme /</subfield>
			<subfield code="c">Michael Herczeg.</subfield>
		</datafield>
		<datafield tag="250" ind1=" " ind2=" ">
			<subfield code="a">4., erw. und aktual. Aufl.</subfield>
		</datafield>
		<datafield tag="264" ind1=" " ind2="1">
			<subfield code="a">München ;Wien : </subfield>
			<subfield code="b">De Gruyter Oldenbourg, </subfield>
			<subfield code="c">[2018]</subfield>
		</datafield>
		<datafield tag="264" ind1=" " ind2="4">
			<subfield code="c">©2018</subfield>
		</datafield>
		<datafield tag="300" ind1=" " ind2=" ">
			<subfield code="a">1 online resource (362 p.)</subfield>
		</datafield>
		<datafield tag="336" ind1=" " ind2=" ">
			<subfield code="a">text</subfield>
			<subfield code="b">txt</subfield>
			<subfield code="2">rdacontent</subfield>
		</datafield>
		<datafield tag="337" ind1=" " ind2=" ">
			<subfield code="a">computer</subfield>
			<subfield code="b">c</subfield>
			<subfield code="2">rdamedia</subfield>
		</datafield>
		<datafield tag="338" ind1=" " ind2=" ">
			<subfield code="a">online resource</subfield>
			<subfield code="b">cr</subfield>
			<subfield code="2">rdacarrier</subfield>
		</datafield>
		<datafield tag="347" ind1=" " ind2=" ">
			<subfield code="a">text file</subfield>
			<subfield code="b">PDF</subfield>
			<subfield code="2">rda</subfield>
		</datafield>
		<datafield tag="490" ind1="0" ind2=" ">
			<subfield code="a">De Gruyter Studium</subfield>
		</datafield>
		<datafield tag="505" ind1="0" ind2="0">
			<subfield code="t">Frontmatter -- </subfield>
			<subfield code="t">Vorwort / </subfield>
			<subfield code="r">Herczeg, Michael -- </subfield>
			<subfield code="t">Inhalt -- </subfield>
			<subfield code="t">1. Einleitung -- </subfield>
			<subfield code="t">2. Arbeitssysteme -- </subfield>
			<subfield code="t">3. Wirkungen von Arbeit -- </subfield>
			<subfield code="t">4. Organisation und Kontext -- </subfield>
			<subfield code="t">5. Wahrnehmung und Sensomotorik -- </subfield>
			<subfield code="t">6. Kognition und Gedächtnis -- </subfield>
			<subfield code="t">7. Benutzer und Zielgruppen -- </subfield>
			<subfield code="t">8. Mensch-Computer-Systeme -- </subfield>
			<subfield code="t">9. Zeitverhalten interaktiver Systeme -- </subfield>
			<subfield code="t">10. Menschzentrierte Entwickungsprozesse -- </subfield>
			<subfield code="t">11. Kriterien und Qualitätsmerkmale interaktiver Systeme -- </subfield>
			<subfield code="t">12. Evaluation interaktiver Systeme -- </subfield>
			<subfield code="t">13. Gesetzliche Rahmenbedingungen -- </subfield>
			<subfield code="t">Arbeitsstättenverordnung (ArbStättV) -- </subfield>
			<subfield code="t">Barrierefreie-Informationstechnik- Verordnung (BITV 2.0) -- </subfield>
			<subfield code="t">Abbildungen -- </subfield>
			<subfield code="t">Literatur -- </subfield>
			<subfield code="t">Normen -- </subfield>
			<subfield code="t">Organisationen und Verbände -- </subfield>
			<subfield code="t">Abkürzungen -- </subfield>
			<subfield code="t">Glossar -- </subfield>
			<subfield code="t">Index</subfield>
		</datafield>
		<datafield tag="520" ind1=" " ind2=" ">
			<subfield code="a">Das Buch ist eine wissenschaftliche, aber leicht lesbare Einführung in die Software-Ergonomie mit Vertiefungsthemen. Es diskutiert in systematischer Weise die wichtigsten Theorien, Modelle und Kriterien für gebrauchstaugliche Computeranwendungen. Dazu werden Grundlagen aus Arbeitswissenschaften, Psychologie und Informatik interdisziplinär verknüpft und umsetzungsorientiert dargestellt. Das Buch dient in vielen Hochschulen als Begleitbuch für Lehrmodule wie Software-Ergonomie oder Mensch-Computer-Interaktion in diversen Studiengängen. Die Inhalte orientieren sich an den Empfehlungen der Gesellschaft für Informatik. Der Band nimmt Bezug auf internationale Normen und das Arbeitsschutzgesetz sowie auf die in vollständiger Fassung enthaltene Bildschirmarbeitsverordnung und Barrierefreie Informationstechnik-Verordnung. Dies macht das Buch auf für Praktiker zu einer wertvollen Grundlage für die Entwicklung von Computeranwendungen. </subfield>
		</datafield>
		<datafield tag="538" ind1=" " ind2=" ">
			<subfield code="a">Mode of access: Internet via World Wide Web.</subfield>
		</datafield>
		<datafield tag="546" ind1=" " ind2=" ">
			<subfield code="a">In German.</subfield>
		</datafield>
		<datafield tag="588" ind1="0" ind2=" ">
			<subfield code="a">Description based on online resource; title from PDF title page (publisher's Web site, viewed 27. Mrz 2018)</subfield>
		</datafield>
		<datafield tag="650" ind1=" " ind2="4">
			<subfield code="a">Arbeitswissenschaften.</subfield>
		</datafield>
		<datafield tag="650" ind1=" " ind2="4">
			<subfield code="a">Computer science.</subfield>
		</datafield>
		<datafield tag="650" ind1=" " ind2="4">
			<subfield code="a">Computer.</subfield>
		</datafield>
		<datafield tag="650" ind1=" " ind2="4">
			<subfield code="a">computers.</subfield>
		</datafield>
		<datafield tag="650" ind1=" " ind2="4">
			<subfield code="a">ergonomics.</subfield>
		</datafield>
		<datafield tag="650" ind1=" " ind2="4">
			<subfield code="a">Informatik.</subfield>
		</datafield>
		<datafield tag="650" ind1=" " ind2="4">
			<subfield code="a">Psychologie.</subfield>
		</datafield>
		<datafield tag="650" ind1=" " ind2="4">
			<subfield code="a">psychology.</subfield>
		</datafield>
		<datafield tag="773" ind1="0" ind2="8">
			<subfield code="i">Title is part of eBook package:</subfield>
			<subfield code="d">De Gruyter</subfield>
			<subfield code="t">DG OWV ebook Paket Lehrbücher Technik und Informatik 2018</subfield>
			<subfield code="z">9783110603279</subfield>
		</datafield>
		<datafield tag="773" ind1="0" ind2="8">
			<subfield code="i">Title is part of eBook package:</subfield>
			<subfield code="d">De Gruyter</subfield>
			<subfield code="t">EBOOK PACKAGE COMPLETE 2018</subfield>
			<subfield code="z">9783110603255</subfield>
			<subfield code="o">ZDB-23-DGG</subfield>
		</datafield>
		<datafield tag="773" ind1="0" ind2="8">
			<subfield code="i">Title is part of eBook package:</subfield>
			<subfield code="d">De Gruyter</subfield>
			<subfield code="t">EBOOK PACKAGE Engineering, Computer Sciences 2018</subfield>
			<subfield code="z">9783110603118</subfield>
			<subfield code="o">ZDB-23-DIE</subfield>
		</datafield>
		<datafield tag="776" ind1="0" ind2=" ">
			<subfield code="c">EPUB</subfield>
			<subfield code="z">978-3-11-044717-0</subfield>
		</datafield>
		<datafield tag="776" ind1="0" ind2=" ">
			<subfield code="c">print</subfield>
			<subfield code="z">9783110446852</subfield>
		</datafield>
		<datafield tag="856" ind1="4" ind2="0">
			<subfield code="u">https://doi.org/10.1515/9783110446869</subfield>
		</datafield>
		<datafield tag="856" ind1="4" ind2="2">
			<subfield code="3">Cover</subfield>
			<subfield code="u">https://www.degruyter.com/doc/cover/9783110446869.jpg</subfield>
		</datafield>
		<datafield tag="912" ind1=" " ind2=" ">
			<subfield code="a">978-3-11-060327-9  DG OWV ebook Paket Lehrbücher Technik und Informatik 2018</subfield>
			<subfield code="b">2018</subfield>
		</datafield>
		<datafield tag="912" ind1=" " ind2=" ">
			<subfield code="a">GBV-deGruyter-alles</subfield>
		</datafield>
		<datafield tag="912" ind1=" " ind2=" ">
			<subfield code="a">GBV-deGruyter-PDA12STME</subfield>
		</datafield>
		<datafield tag="912" ind1=" " ind2=" ">
			<subfield code="a">GBV-deGruyter-PDA14ALL</subfield>
		</datafield>
		<datafield tag="912" ind1=" " ind2=" ">
			<subfield code="a">GBV-deGruyter-PDA15STM</subfield>
		</datafield>
		<datafield tag="912" ind1=" " ind2=" ">
			<subfield code="a">GBV-deGruyter-PDA1ALL</subfield>
		</datafield>
		<datafield tag="912" ind1=" " ind2=" ">
			<subfield code="a">GBV-deGruyter-PDA3STM</subfield>
		</datafield>
		<datafield tag="912" ind1=" " ind2=" ">
			<subfield code="a">GBV-deGruyter-PDA5EBK</subfield>
		</datafield>
		<datafield tag="912" ind1=" " ind2=" ">
			<subfield code="a">ZDB-23-DEI</subfield>
			<subfield code="b">2018</subfield>
		</datafield>
		<datafield tag="912" ind1=" " ind2=" ">
			<subfield code="a">ZDB-23-DGG</subfield>
			<subfield code="b">2018</subfield>
		</datafield>
	</record>