
	<record xmlns="http://www.loc.gov/MARC21/slim">
		<leader>05833nam a22008055i 4500</leader>
		<controlfield tag="001">9783110469578</controlfield>
		<controlfield tag="003">DE-B1597</controlfield>
		<controlfield tag="005">20180327123002.0</controlfield>
		<controlfield tag="006">m|||||o||d||||||||</controlfield>
		<controlfield tag="007">cr || ||||||||</controlfield>
		<controlfield tag="008">180327s2018    gw     fo  d z      eng d</controlfield>
		<datafield tag="020" ind1=" " ind2=" ">
			<subfield code="a">9783110469578</subfield>
		</datafield>
		<datafield tag="024" ind1="7" ind2=" ">
			<subfield code="a">10.1515/9783110469578</subfield>
			<subfield code="2">doi</subfield>
		</datafield>
		<datafield tag="035" ind1=" " ind2=" ">
			<subfield code="a">(DE-B1597)462983</subfield>
		</datafield>
		<datafield tag="040" ind1=" " ind2=" ">
			<subfield code="a">DE-B1597</subfield>
			<subfield code="b">eng</subfield>
			<subfield code="c">DE-B1597</subfield>
			<subfield code="e">rda</subfield>
		</datafield>
		<datafield tag="041" ind1="0" ind2=" ">
			<subfield code="a">eng</subfield>
		</datafield>
		<datafield tag="044" ind1=" " ind2=" ">
			<subfield code="a">gw</subfield>
			<subfield code="c">DE</subfield>
		</datafield>
		<datafield tag="050" ind1="1" ind2="0">
			<subfield code="a">N5605</subfield>
		</datafield>
		<datafield tag="072" ind1=" " ind2="7">
			<subfield code="a">ART015060</subfield>
			<subfield code="2">bisacsh</subfield>
		</datafield>
		<datafield tag="072" ind1=" " ind2="7">
			<subfield code="a">HIS002000</subfield>
			<subfield code="2">bisacsh</subfield>
		</datafield>
		<datafield tag="082" ind1="0" ind2="0">
			<subfield code="a">709.01</subfield>
			<subfield code="2">23</subfield>
		</datafield>
		<datafield tag="245" ind1="0" ind2="0">
			<subfield code="a">Ornament and Figure in Graeco-Roman Art :</subfield>
			<subfield code="b">Rethinking Visual Ontologies in Classical Antiquity /</subfield>
			<subfield code="c">Nikolaus Dietrich, Michael Squire.</subfield>
		</datafield>
		<datafield tag="264" ind1=" " ind2="1">
			<subfield code="a">Berlin ;Boston : </subfield>
			<subfield code="b">De Gruyter, </subfield>
			<subfield code="c">[2018]</subfield>
		</datafield>
		<datafield tag="264" ind1=" " ind2="4">
			<subfield code="c">©2018</subfield>
		</datafield>
		<datafield tag="300" ind1=" " ind2=" ">
			<subfield code="a">1 online resource (434 p.)</subfield>
		</datafield>
		<datafield tag="336" ind1=" " ind2=" ">
			<subfield code="a">text</subfield>
			<subfield code="b">txt</subfield>
			<subfield code="2">rdacontent</subfield>
		</datafield>
		<datafield tag="337" ind1=" " ind2=" ">
			<subfield code="a">computer</subfield>
			<subfield code="b">c</subfield>
			<subfield code="2">rdamedia</subfield>
		</datafield>
		<datafield tag="338" ind1=" " ind2=" ">
			<subfield code="a">online resource</subfield>
			<subfield code="b">cr</subfield>
			<subfield code="2">rdacarrier</subfield>
		</datafield>
		<datafield tag="347" ind1=" " ind2=" ">
			<subfield code="a">text file</subfield>
			<subfield code="b">PDF</subfield>
			<subfield code="2">rda</subfield>
		</datafield>
		<datafield tag="505" ind1="0" ind2="0">
			<subfield code="t">Frontmatter -- </subfield>
			<subfield code="t">Contents -- </subfield>
			<subfield code="t">Acknowledgements / </subfield>
			<subfield code="r">Squire, Michael / Dietrich, Nikolaus -- </subfield>
			<subfield code="t">Notes on contributors -- </subfield>
			<subfield code="t">‘To haunt, to startle, and way-lay’: Approaching ornament and figure in Graeco-Roman art / </subfield>
			<subfield code="r">Squire, Michael -- </subfield>
			<subfield code="t">Figürlicher Schmuck in der griechischen Architektur zwischen Dekor und Repräsentation / </subfield>
			<subfield code="r">Hölscher, Tonio -- </subfield>
			<subfield code="t">Ornamental and formulaic patterns: The semantic significance of form in early Greek vase-painting and Homeric epic / </subfield>
			<subfield code="r">Grethlein, Jonas -- </subfield>
			<subfield code="t">Ornament und Design: Attisch geometrische Figuralgefäße und Gefäße mit plastischem Dekor / </subfield>
			<subfield code="r">Haug, Annette -- </subfield>
			<subfield code="t">Armure et ornement dans l’imagerie attique / </subfield>
			<subfield code="r">Lissarrague, François -- </subfield>
			<subfield code="t">Beneath the handles of Attic vases / </subfield>
			<subfield code="r">Kéi, Nikolina -- </subfield>
			<subfield code="t">Order and contingency in Archaic Greek ornament and figure / </subfield>
			<subfield code="r">Dietrich, Nikolaus -- </subfield>
			<subfield code="t">Ornament, incipience and narrative: Geometric to Classical / </subfield>
			<subfield code="r">Neer, Richard -- </subfield>
			<subfield code="t">Of sponges and stones: Matter and ornament in Roman painting / </subfield>
			<subfield code="r">Platt, Verity -- </subfield>
			<subfield code="t">Esteemed ornament: An overlooked value for approaching Roman visual culture / </subfield>
			<subfield code="r">Barham, Nicola -- </subfield>
			<subfield code="t">Delectari varietate: Zur Erklärung der repetitiven Darstellung auf dem ‚Puteal Tegel‘ / </subfield>
			<subfield code="r">Reinhardt, Arne -- </subfield>
			<subfield code="t">Figure and ornament, death and transformation in the Tomb of the Haterii / </subfield>
			<subfield code="r">Trimble, Jennifer -- </subfield>
			<subfield code="t">Ornament, figure and mise en abyme on Roman sarcophagi / </subfield>
			<subfield code="r">Elsner, Jaś -- </subfield>
			<subfield code="t">Aus der Perspektive der römischen Bodenmosaiken: Ornamentalisierte Figuren oder figuralisierte Ornamente? / </subfield>
			<subfield code="r">Muth, Susanne</subfield>
		</datafield>
		<datafield tag="520" ind1=" " ind2=" ">
			<subfield code="a">How does ‘decoration’ work? What are the relations between ‘figurative’ and ‘ornamental’ modes? And how do such modern western distinctions relate to other critical traditions? While these questions have been much debated among art historians, our book offers an ancient visual cultural perspective. On the one hand, we argue, Greek and Roman materials have proved instrumental in shaping modern assumptions. On the other hand, those ideologies are fundamentally removed from ancient ideas: an ancient perspective can therefore shed light on larger aesthetic debates about what images are – or indeed what they should be.This anthology of specially commissioned essays explores a variety of case studies (both literary and art historical alike): it discusses materials from across the ancient Mediterranean, and from Geometric art all the way through to late antiquity; the book also tackles questions of ‘figure’ and ‘ornament’ in relation to different media – including painting, free-standing statues, relief sculpture, mosaics and architecture. A particular feature of the volume lies in bringing together different national academic traditions, building a bridge between formalist approaches and broader cultural historical perspectives.</subfield>
		</datafield>
		<datafield tag="538" ind1=" " ind2=" ">
			<subfield code="a">Mode of access: Internet via World Wide Web.</subfield>
		</datafield>
		<datafield tag="546" ind1=" " ind2=" ">
			<subfield code="a">In English.</subfield>
		</datafield>
		<datafield tag="588" ind1="0" ind2=" ">
			<subfield code="a">Description based on online resource; title from PDF title page (publisher's Web site, viewed 27. Mrz 2018)</subfield>
		</datafield>
		<datafield tag="650" ind1=" " ind2="0">
			<subfield code="a">Art, Greco-Roman</subfield>
			<subfield code="x">Themes, motives.</subfield>
		</datafield>
		<datafield tag="650" ind1=" " ind2="0">
			<subfield code="a">Image (Philosophy)</subfield>
		</datafield>
		<datafield tag="650" ind1=" " ind2="4">
			<subfield code="a">ancient aesthetics.</subfield>
		</datafield>
		<datafield tag="650" ind1=" " ind2="4">
			<subfield code="a">Ästhetik /Antike.</subfield>
		</datafield>
		<datafield tag="650" ind1=" " ind2="4">
			<subfield code="a">Graeco-Roman visual culture.</subfield>
		</datafield>
		<datafield tag="650" ind1=" " ind2="4">
			<subfield code="a">mimesis.</subfield>
		</datafield>
		<datafield tag="650" ind1=" " ind2="4">
			<subfield code="a">Mimesis.</subfield>
		</datafield>
		<datafield tag="650" ind1=" " ind2="4">
			<subfield code="a">Ornament.</subfield>
		</datafield>
		<datafield tag="650" ind1=" " ind2="4">
			<subfield code="a">ornament/decoration.</subfield>
		</datafield>
		<datafield tag="700" ind1="1" ind2=" ">
			<subfield code="a">Dietrich, Nikolaus, </subfield>
			<subfield code="e">editor.</subfield>
		</datafield>
		<datafield tag="700" ind1="1" ind2=" ">
			<subfield code="a">Squire, Michael, </subfield>
			<subfield code="e">editor.</subfield>
		</datafield>
		<datafield tag="773" ind1="0" ind2="8">
			<subfield code="i">Title is part of eBook package:</subfield>
			<subfield code="d">De Gruyter</subfield>
			<subfield code="t">EBOOK PACKAGE Classical Studies 2017</subfield>
			<subfield code="z">9783110547733</subfield>
			<subfield code="o">ZDB-23-DGD</subfield>
		</datafield>
		<datafield tag="773" ind1="0" ind2="8">
			<subfield code="i">Title is part of eBook package:</subfield>
			<subfield code="d">De Gruyter</subfield>
			<subfield code="t">EBOOK PACKAGE Classical Studies 2018 English</subfield>
			<subfield code="z">9783110604009</subfield>
		</datafield>
		<datafield tag="773" ind1="0" ind2="8">
			<subfield code="i">Title is part of eBook package:</subfield>
			<subfield code="d">De Gruyter</subfield>
			<subfield code="t">EBOOK PACKAGE Classical Studies 2018</subfield>
			<subfield code="z">9783110603095</subfield>
			<subfield code="o">ZDB-23-DGD</subfield>
		</datafield>
		<datafield tag="773" ind1="0" ind2="8">
			<subfield code="i">Title is part of eBook package:</subfield>
			<subfield code="d">De Gruyter</subfield>
			<subfield code="t">EBOOK PACKAGE COMPLETE 2018 English</subfield>
			<subfield code="z">9783110604252</subfield>
		</datafield>
		<datafield tag="773" ind1="0" ind2="8">
			<subfield code="i">Title is part of eBook package:</subfield>
			<subfield code="d">De Gruyter</subfield>
			<subfield code="t">EBOOK PACKAGE COMPLETE 2018</subfield>
			<subfield code="z">9783110603255</subfield>
			<subfield code="o">ZDB-23-DGG</subfield>
		</datafield>
		<datafield tag="776" ind1="0" ind2=" ">
			<subfield code="c">EPUB</subfield>
			<subfield code="z">978-3-11-046883-0</subfield>
		</datafield>
		<datafield tag="776" ind1="0" ind2=" ">
			<subfield code="c">print</subfield>
			<subfield code="z">9783110460155</subfield>
		</datafield>
		<datafield tag="856" ind1="4" ind2="0">
			<subfield code="u">https://doi.org/10.1515/9783110469578</subfield>
		</datafield>
		<datafield tag="856" ind1="4" ind2="2">
			<subfield code="3">Cover</subfield>
			<subfield code="u">https://www.degruyter.com/doc/cover/9783110469578.jpg</subfield>
		</datafield>
		<datafield tag="912" ind1=" " ind2=" ">
			<subfield code="a">978-3-11-060400-9  EBOOK PACKAGE Classical Studies 2018 English</subfield>
			<subfield code="b">2018</subfield>
		</datafield>
		<datafield tag="912" ind1=" " ind2=" ">
			<subfield code="a">978-3-11-060425-2  EBOOK PACKAGE COMPLETE 2018 English</subfield>
			<subfield code="b">2018</subfield>
		</datafield>
		<datafield tag="912" ind1=" " ind2=" ">
			<subfield code="a">GBV-deGruyter-alles</subfield>
		</datafield>
		<datafield tag="912" ind1=" " ind2=" ">
			<subfield code="a">GBV-deGruyter-PDA11SSHE</subfield>
		</datafield>
		<datafield tag="912" ind1=" " ind2=" ">
			<subfield code="a">GBV-deGruyter-PDA13ENGE</subfield>
		</datafield>
		<datafield tag="912" ind1=" " ind2=" ">
			<subfield code="a">GBV-deGruyter-PDA14ALL</subfield>
		</datafield>
		<datafield tag="912" ind1=" " ind2=" ">
			<subfield code="a">GBV-deGruyter-PDA16SSH</subfield>
		</datafield>
		<datafield tag="912" ind1=" " ind2=" ">
			<subfield code="a">GBV-deGruyter-PDA17SSHEE</subfield>
		</datafield>
		<datafield tag="912" ind1=" " ind2=" ">
			<subfield code="a">GBV-deGruyter-PDA1ALL</subfield>
		</datafield>
		<datafield tag="912" ind1=" " ind2=" ">
			<subfield code="a">GBV-deGruyter-PDA2</subfield>
		</datafield>
		<datafield tag="912" ind1=" " ind2=" ">
			<subfield code="a">GBV-deGruyter-PDA2HUM</subfield>
		</datafield>
		<datafield tag="912" ind1=" " ind2=" ">
			<subfield code="a">GBV-deGruyter-PDA5EBK</subfield>
		</datafield>
		<datafield tag="912" ind1=" " ind2=" ">
			<subfield code="a">GBV-deGruyter-PDA7ENG</subfield>
		</datafield>
		<datafield tag="912" ind1=" " ind2=" ">
			<subfield code="a">ZDB-23-DGD</subfield>
			<subfield code="b">2017</subfield>
		</datafield>
		<datafield tag="912" ind1=" " ind2=" ">
			<subfield code="a">ZDB-23-DGD</subfield>
			<subfield code="b">2018</subfield>
		</datafield>
		<datafield tag="912" ind1=" " ind2=" ">
			<subfield code="a">ZDB-23-DGG</subfield>
			<subfield code="b">2018</subfield>
		</datafield>
	</record>