
	<record xmlns="http://www.loc.gov/MARC21/slim">
		<leader>05017nam a22006615i 4500</leader>
		<controlfield tag="001">9783110489439</controlfield>
		<controlfield tag="003">DE-B1597</controlfield>
		<controlfield tag="005">20180327123002.0</controlfield>
		<controlfield tag="006">m|||||o||d||||||||</controlfield>
		<controlfield tag="007">cr || ||||||||</controlfield>
		<controlfield tag="008">180327s2018    gw     fo  d z      ger d</controlfield>
		<datafield tag="020" ind1=" " ind2=" ">
			<subfield code="a">9783110489439</subfield>
		</datafield>
		<datafield tag="024" ind1="7" ind2=" ">
			<subfield code="a">10.1515/9783110489439</subfield>
			<subfield code="2">doi</subfield>
		</datafield>
		<datafield tag="035" ind1=" " ind2=" ">
			<subfield code="a">(DE-B1597)468788</subfield>
		</datafield>
		<datafield tag="040" ind1=" " ind2=" ">
			<subfield code="a">DE-B1597</subfield>
			<subfield code="b">eng</subfield>
			<subfield code="c">DE-B1597</subfield>
			<subfield code="e">rda</subfield>
		</datafield>
		<datafield tag="041" ind1="0" ind2=" ">
			<subfield code="a">ger</subfield>
		</datafield>
		<datafield tag="044" ind1=" " ind2=" ">
			<subfield code="a">gw</subfield>
			<subfield code="c">DE</subfield>
		</datafield>
		<datafield tag="072" ind1=" " ind2="7">
			<subfield code="a">PHI016000</subfield>
			<subfield code="2">bisacsh</subfield>
		</datafield>
		<datafield tag="072" ind1=" " ind2="7">
			<subfield code="a">PHI041000</subfield>
			<subfield code="2">bisacsh</subfield>
		</datafield>
		<datafield tag="245" ind1="0" ind2="0">
			<subfield code="a">Johann Georg Heinrich Feder (1740–1821) :</subfield>
			<subfield code="b">Empirismus und Popularphilosophie zwischen Wolff und Kant /</subfield>
			<subfield code="c">Hans-Peter Nowitzki, Udo Roth, Gideon Stiening.</subfield>
		</datafield>
		<datafield tag="264" ind1=" " ind2="1">
			<subfield code="a">Berlin ;Boston : </subfield>
			<subfield code="b">De Gruyter, </subfield>
			<subfield code="c">[2018]</subfield>
		</datafield>
		<datafield tag="264" ind1=" " ind2="4">
			<subfield code="c">©2018</subfield>
		</datafield>
		<datafield tag="300" ind1=" " ind2=" ">
			<subfield code="a">1 online resource (467 p.)</subfield>
		</datafield>
		<datafield tag="336" ind1=" " ind2=" ">
			<subfield code="a">text</subfield>
			<subfield code="b">txt</subfield>
			<subfield code="2">rdacontent</subfield>
		</datafield>
		<datafield tag="337" ind1=" " ind2=" ">
			<subfield code="a">computer</subfield>
			<subfield code="b">c</subfield>
			<subfield code="2">rdamedia</subfield>
		</datafield>
		<datafield tag="338" ind1=" " ind2=" ">
			<subfield code="a">online resource</subfield>
			<subfield code="b">cr</subfield>
			<subfield code="2">rdacarrier</subfield>
		</datafield>
		<datafield tag="347" ind1=" " ind2=" ">
			<subfield code="a">text file</subfield>
			<subfield code="b">PDF</subfield>
			<subfield code="2">rda</subfield>
		</datafield>
		<datafield tag="490" ind1="0" ind2=" ">
			<subfield code="a">Werkprofile ;</subfield>
			<subfield code="v">10</subfield>
		</datafield>
		<datafield tag="505" ind1="0" ind2="0">
			<subfield code="t">Frontmatter -- </subfield>
			<subfield code="t">Inhalt -- </subfield>
			<subfield code="t">Zur Einführung: Johann Georg Heinrich Feder (1740–1821) / </subfield>
			<subfield code="r">Nowitzki, Hans-Peter / Roth, Udo / Stiening, Gideon -- </subfield>
			<subfield code="t">Vom »redlichen Suchen nach Wahrheit« / </subfield>
			<subfield code="r">Schmidtke, Sören -- </subfield>
			<subfield code="t">1. Erkenntnistheorie und Psychologie -- </subfield>
			<subfield code="t">Feder und die Psychologie seiner Zeit / </subfield>
			<subfield code="r">Rumore, Paola -- </subfield>
			<subfield code="t">Feder und der Innere Sinn / </subfield>
			<subfield code="r">Thiel, Udo -- </subfield>
			<subfield code="t">Feder über die letzten Gründe der menschlichen Erkenntnis des Raumes / </subfield>
			<subfield code="r">Hahmann, Andree -- </subfield>
			<subfield code="t">Elemente des Kritizismus in Feders Logik und Metaphysik / </subfield>
			<subfield code="r">Motta, Giuseppe -- </subfield>
			<subfield code="t">Feders Vorwurf des Skeptizismus gegen Kant / </subfield>
			<subfield code="r">Fukuda, Kiichiro -- </subfield>
			<subfield code="t">2, Ethik und Theologie -- </subfield>
			<subfield code="t">Zwischen Hume und Kant / </subfield>
			<subfield code="r">Vesper, Achim -- </subfield>
			<subfield code="t">Feder über das moralische Gefühl / </subfield>
			<subfield code="r">Schneidereit, Nele -- </subfield>
			<subfield code="t">»[S]elbst Schuld« / </subfield>
			<subfield code="r">Grunert, Frank -- </subfield>
			<subfield code="t">»Ganzer Mensch« statt »reiner Vernunft« / </subfield>
			<subfield code="r">Stiening, Gideon -- </subfield>
			<subfield code="t">Zum Verhältnis von Vernunft und Offenbarung bei Feder / </subfield>
			<subfield code="r">Klingner, Stefan -- </subfield>
			<subfield code="t">3. Rechtstheorie und Pädagogik -- </subfield>
			<subfield code="t">Feders Naturrecht / </subfield>
			<subfield code="r">Hüning, Dieter -- </subfield>
			<subfield code="t">»Überflüssig und unnütz«? / </subfield>
			<subfield code="r">Zöllner, Frank -- </subfield>
			<subfield code="t">Der »deutsche Edelmann und sein Hauslehrer« / </subfield>
			<subfield code="r">Heinz, Jutta -- </subfield>
			<subfield code="t">Ein »christlicher Emil«? / </subfield>
			<subfield code="r">Roth, Udo -- </subfield>
			<subfield code="t">4. Popularphilosophie in der Kontroverse -- </subfield>
			<subfield code="t">Menschlich denken / </subfield>
			<subfield code="r">Buchenau, Stefanie -- </subfield>
			<subfield code="t">Feders Abhandlung über den Ruhm / </subfield>
			<subfield code="r">Werle, Dirk -- </subfield>
			<subfield code="t">Die Akademisierung der Popularphilosophie / </subfield>
			<subfield code="r">Nowitzki, Hans-Peter -- </subfield>
			<subfield code="t">5. Anhang -- </subfield>
			<subfield code="t">Zeittafel -- </subfield>
			<subfield code="t">Bibliographie -- </subfield>
			<subfield code="t">Personenregister</subfield>
		</datafield>
		<datafield tag="520" ind1=" " ind2=" ">
			<subfield code="a">Johann Georg Heinrich Feder (1740–1821) zählte zu den prägenden Philosophen und Publizisten der europäischen Aufklärung zwischen 1770 und 1800, und zwar sowohl innerhalb weiter Teilbereiche der Universitäts- und Schulphilosophie als auch im Zusammenhang literarischer und popularphilosophischer Diskurse der sich entwickelnden Öffentlichkeit. Feder nahm entscheidenden Einfluss auf wichtige Debatten, Kontroversen und Forschungsentwicklungen seiner Zeit. Von seinem immensen Einfluss auf die akademische und populäre Philosophie ist allerdings zumeist nur die berühmteste Auseinandersetzung, seine mit Christian Garve verfasste Rezension der „Kritik der reinen Vernunft“, zur Kenntnis genommen worden.Dabei ist weder Feders Auseinandersetzung mit Kant auf die Rezension der KrV beschränkt, sondern vielmehr bis in die 1790er Jahre zu verfolgen, noch ist Feders gesamtes Werk und dessen Wirkung auf diese Kontroverse zu beschränken.Der Band versammelt Studien von Philosophen, Literaturwissenschaftlern und Wissenschaftshistorikern zu allen Werkbereichen Feders, insbesondere zur lange Zeit vernachlässigten Erkenntnistheorie und Psychologie sowie zu seinen weitgehend unbekannten Beiträgen zur Theologie, zur Ethik und zur Rechtsphilosophie.</subfield>
		</datafield>
		<datafield tag="538" ind1=" " ind2=" ">
			<subfield code="a">Mode of access: Internet via World Wide Web.</subfield>
		</datafield>
		<datafield tag="546" ind1=" " ind2=" ">
			<subfield code="a">In German.</subfield>
		</datafield>
		<datafield tag="588" ind1="0" ind2=" ">
			<subfield code="a">Description based on online resource; title from PDF title page (publisher's Web site, viewed 27. Mrz 2018)</subfield>
		</datafield>
		<datafield tag="650" ind1=" " ind2="4">
			<subfield code="a">Aufklärung.</subfield>
		</datafield>
		<datafield tag="650" ind1=" " ind2="4">
			<subfield code="a">empirism.</subfield>
		</datafield>
		<datafield tag="650" ind1=" " ind2="4">
			<subfield code="a">Empirismus.</subfield>
		</datafield>
		<datafield tag="650" ind1=" " ind2="4">
			<subfield code="a">Enlightenment.</subfield>
		</datafield>
		<datafield tag="650" ind1=" " ind2="4">
			<subfield code="a">popular philosophy.</subfield>
		</datafield>
		<datafield tag="650" ind1=" " ind2="4">
			<subfield code="a">Popularphilosophie.</subfield>
		</datafield>
		<datafield tag="700" ind1="1" ind2=" ">
			<subfield code="a">Nowitzki, Hans-Peter, </subfield>
			<subfield code="e">editor.</subfield>
		</datafield>
		<datafield tag="700" ind1="1" ind2=" ">
			<subfield code="a">Roth, Udo, </subfield>
			<subfield code="e">editor.</subfield>
		</datafield>
		<datafield tag="700" ind1="1" ind2=" ">
			<subfield code="a">Stiening, Gideon, </subfield>
			<subfield code="e">editor.</subfield>
		</datafield>
		<datafield tag="773" ind1="0" ind2="8">
			<subfield code="i">Title is part of eBook package:</subfield>
			<subfield code="d">De Gruyter</subfield>
			<subfield code="t">EBOOK PACKAGE COMPLETE 2018</subfield>
			<subfield code="z">9783110603255</subfield>
			<subfield code="o">ZDB-23-DGG</subfield>
		</datafield>
		<datafield tag="773" ind1="0" ind2="8">
			<subfield code="i">Title is part of eBook package:</subfield>
			<subfield code="d">De Gruyter</subfield>
			<subfield code="t">EBOOK PACKAGE Philosophy 2018</subfield>
			<subfield code="z">9783110603217</subfield>
			<subfield code="o">ZDB-23-DPH</subfield>
		</datafield>
		<datafield tag="776" ind1="0" ind2=" ">
			<subfield code="c">EPUB</subfield>
			<subfield code="z">978-3-11-048762-6</subfield>
		</datafield>
		<datafield tag="776" ind1="0" ind2=" ">
			<subfield code="c">print</subfield>
			<subfield code="z">9783110484496</subfield>
		</datafield>
		<datafield tag="856" ind1="4" ind2="0">
			<subfield code="u">https://doi.org/10.1515/9783110489439</subfield>
		</datafield>
		<datafield tag="856" ind1="4" ind2="2">
			<subfield code="3">Cover</subfield>
			<subfield code="u">https://www.degruyter.com/doc/cover/9783110489439.jpg</subfield>
		</datafield>
		<datafield tag="912" ind1=" " ind2=" ">
			<subfield code="a">GBV-deGruyter-alles</subfield>
		</datafield>
		<datafield tag="912" ind1=" " ind2=" ">
			<subfield code="a">GBV-deGruyter-PDA11SSHE</subfield>
		</datafield>
		<datafield tag="912" ind1=" " ind2=" ">
			<subfield code="a">GBV-deGruyter-PDA14ALL</subfield>
		</datafield>
		<datafield tag="912" ind1=" " ind2=" ">
			<subfield code="a">GBV-deGruyter-PDA16SSH</subfield>
		</datafield>
		<datafield tag="912" ind1=" " ind2=" ">
			<subfield code="a">GBV-deGruyter-PDA1ALL</subfield>
		</datafield>
		<datafield tag="912" ind1=" " ind2=" ">
			<subfield code="a">GBV-deGruyter-PDA2</subfield>
		</datafield>
		<datafield tag="912" ind1=" " ind2=" ">
			<subfield code="a">GBV-deGruyter-PDA2HUM</subfield>
		</datafield>
		<datafield tag="912" ind1=" " ind2=" ">
			<subfield code="a">GBV-deGruyter-PDA5EBK</subfield>
		</datafield>
		<datafield tag="912" ind1=" " ind2=" ">
			<subfield code="a">ZDB-23-DGG</subfield>
			<subfield code="b">2018</subfield>
		</datafield>
		<datafield tag="912" ind1=" " ind2=" ">
			<subfield code="a">ZDB-23-DPH</subfield>
			<subfield code="b">2018</subfield>
		</datafield>
	</record>