
	<record xmlns="http://www.loc.gov/MARC21/slim">
		<leader>05004nam a22006975i 4500</leader>
		<controlfield tag="001">9783110494853</controlfield>
		<controlfield tag="003">DE-B1597</controlfield>
		<controlfield tag="005">20180327123002.0</controlfield>
		<controlfield tag="006">m|||||o||d||||||||</controlfield>
		<controlfield tag="007">cr || ||||||||</controlfield>
		<controlfield tag="008">180327s2018    gw     fo  d z      ger d</controlfield>
		<datafield tag="020" ind1=" " ind2=" ">
			<subfield code="a">9783110494853</subfield>
		</datafield>
		<datafield tag="024" ind1="7" ind2=" ">
			<subfield code="a">10.1515/9783110494853</subfield>
			<subfield code="2">doi</subfield>
		</datafield>
		<datafield tag="035" ind1=" " ind2=" ">
			<subfield code="a">(DE-B1597)469491</subfield>
		</datafield>
		<datafield tag="040" ind1=" " ind2=" ">
			<subfield code="a">DE-B1597</subfield>
			<subfield code="b">eng</subfield>
			<subfield code="c">DE-B1597</subfield>
			<subfield code="e">rda</subfield>
		</datafield>
		<datafield tag="041" ind1="0" ind2=" ">
			<subfield code="a">ger</subfield>
		</datafield>
		<datafield tag="044" ind1=" " ind2=" ">
			<subfield code="a">gw</subfield>
			<subfield code="c">DE</subfield>
		</datafield>
		<datafield tag="072" ind1=" " ind2="7">
			<subfield code="a">BUS083000</subfield>
			<subfield code="2">bisacsh</subfield>
		</datafield>
		<datafield tag="072" ind1=" " ind2="7">
			<subfield code="a">COM014000</subfield>
			<subfield code="2">bisacsh</subfield>
		</datafield>
		<datafield tag="072" ind1=" " ind2="7">
			<subfield code="a">COM053000</subfield>
			<subfield code="2">bisacsh</subfield>
		</datafield>
		<datafield tag="072" ind1=" " ind2="7">
			<subfield code="a">LAW000000</subfield>
			<subfield code="2">bisacsh</subfield>
		</datafield>
		<datafield tag="100" ind1="1" ind2=" ">
			<subfield code="a">Hellmann, Roland,</subfield>
			<subfield code="e">author.</subfield>
		</datafield>
		<datafield tag="245" ind1="1" ind2="0">
			<subfield code="a">IT-Sicherheit :</subfield>
			<subfield code="b">Eine Einführung /</subfield>
			<subfield code="c">Roland Hellmann.</subfield>
		</datafield>
		<datafield tag="264" ind1=" " ind2="1">
			<subfield code="a">München ;Wien : </subfield>
			<subfield code="b">De Gruyter Oldenbourg, </subfield>
			<subfield code="c">[2018]</subfield>
		</datafield>
		<datafield tag="264" ind1=" " ind2="4">
			<subfield code="c">©2018</subfield>
		</datafield>
		<datafield tag="300" ind1=" " ind2=" ">
			<subfield code="a">1 online resource (215 p.)</subfield>
		</datafield>
		<datafield tag="336" ind1=" " ind2=" ">
			<subfield code="a">text</subfield>
			<subfield code="b">txt</subfield>
			<subfield code="2">rdacontent</subfield>
		</datafield>
		<datafield tag="337" ind1=" " ind2=" ">
			<subfield code="a">computer</subfield>
			<subfield code="b">c</subfield>
			<subfield code="2">rdamedia</subfield>
		</datafield>
		<datafield tag="338" ind1=" " ind2=" ">
			<subfield code="a">online resource</subfield>
			<subfield code="b">cr</subfield>
			<subfield code="2">rdacarrier</subfield>
		</datafield>
		<datafield tag="347" ind1=" " ind2=" ">
			<subfield code="a">text file</subfield>
			<subfield code="b">PDF</subfield>
			<subfield code="2">rda</subfield>
		</datafield>
		<datafield tag="490" ind1="0" ind2=" ">
			<subfield code="a">De Gruyter Studium</subfield>
		</datafield>
		<datafield tag="505" ind1="0" ind2="0">
			<subfield code="t">Frontmatter -- </subfield>
			<subfield code="t">Inhalt -- </subfield>
			<subfield code="t">1. Grundlagen und Motivation -- </subfield>
			<subfield code="t">2. Symmetrische Verschlüsselung -- </subfield>
			<subfield code="t">3. Public Key-Verfahren -- </subfield>
			<subfield code="t">4. Kryptografische Hashfunktionen -- </subfield>
			<subfield code="t">5. Digitale Signaturen -- </subfield>
			<subfield code="t">6. Weitere Anwendungen und abschließende Betrachtungen zur Kryptografie -- </subfield>
			<subfield code="t">7. Verfügbarkeit -- </subfield>
			<subfield code="t">8. Internetsicherheit -- </subfield>
			<subfield code="t">9. Firewalls -- </subfield>
			<subfield code="t">10. IoT-Sicherheit -- </subfield>
			<subfield code="t">11. Lösungen zu den Aufgaben -- </subfield>
			<subfield code="t">Literatur -- </subfield>
			<subfield code="t">Stichwortverzeichnis</subfield>
		</datafield>
		<datafield tag="520" ind1=" " ind2=" ">
			<subfield code="a">Noch vor wenigen Jahren war die IT-Sicherheit eher ein Randgebiet, doch inzwischen ist sie in der Informatik, in Unternehmen und auch im Alltagsleben allgegenwärtig. Immer mehr Menschen wird bewusst, dass sie nicht nur gläsern geworden sind, sondern dass sie selbst oder ihr Unternehmen, in dem sie arbeiten, von Bedrohungen ganz konkret gefährdet sind. Schadsoftware verschlüsselt unerwartet alle erreichbaren Daten und erpresst Lösegeld. Firmen werden massiv geschädigt oder gar insolvent, weil ihre Geschäftsgeheimnisse von der Konkurrenz gestohlen werden. Sogar Menschenleben stehen auf dem Spiel, wenn Energieversorger oder Krankenhäuser wegen eines Hackerangriffs funktionsunfähig werden. Ob es sich um die Entwicklung von Software handelt, um die Konfiguration von Netzwerken, Servern und Clients oder mittlerweile auch um Embedded Systems in Fahrzeugen oder der Unterhaltungselektronik – überall sind Kenntnisse der IT-Sicherheit gefragt. Gleichzeitig ist die IT-Sicherheit keine einfache Disziplin: Es kommen in großem Umfang kryptografische Verfahren zum Einsatz, die auf fortgeschrittenen mathematischen Grundlagen beruhen. Ferner spielen außer technischen Belangen und ihren komplexen Zusammenhängen auch rechtliche und Management-Aspekte eine Rolle. Genauso unterschiedlich werden die Vorkenntnisse sein, die Leser mitbringen und die Erwartungen, die sie hegen. Dieses Werk soll Studierenden der Informatik und verwandter Disziplinen helfen, ein grundlegendes Verständnis für die IT-Sicherheit und deren Bedeutung zu entwickeln. Es werden möglichst wenige mathematisch-technische Vorkenntnisse vorausgesetzt, so dass auch Studierende im Informatik-Grundstudium sowie technisch interessierte Studierende der Wirtschaftsinformatik, des Wirtschaftsingenieurwesens oder auch der Betriebswirtschaft davon profitieren sollten. Zu den einzelnen Kapiteln werden Übungsaufgaben gestellt, deren Lösungen im Anhang zu finden sind. Diese machen das Werk besonders geeignet für das Selbststudium.  Inhalt: - Grundlagen und Motivation - Kryptologie und ihre Anwendung: Verschlüsselung, Digitale Signatur, Steganographie - Verfügbarkeit - Internetsicherheit und Schadsoftware - Firewalls - Sicherheit im Internet der Dinge </subfield>
		</datafield>
		<datafield tag="538" ind1=" " ind2=" ">
			<subfield code="a">Mode of access: Internet via World Wide Web.</subfield>
		</datafield>
		<datafield tag="546" ind1=" " ind2=" ">
			<subfield code="a">In German.</subfield>
		</datafield>
		<datafield tag="588" ind1="0" ind2=" ">
			<subfield code="a">Description based on online resource; title from PDF title page (publisher's Web site, viewed 27. Mrz 2018)</subfield>
		</datafield>
		<datafield tag="650" ind1=" " ind2="4">
			<subfield code="a">cryptology.</subfield>
		</datafield>
		<datafield tag="650" ind1=" " ind2="4">
			<subfield code="a">cyber security.</subfield>
		</datafield>
		<datafield tag="650" ind1=" " ind2="4">
			<subfield code="a">Cyber Security.</subfield>
		</datafield>
		<datafield tag="650" ind1=" " ind2="4">
			<subfield code="a">data security.</subfield>
		</datafield>
		<datafield tag="650" ind1=" " ind2="4">
			<subfield code="a">Datensicherheit.</subfield>
		</datafield>
		<datafield tag="650" ind1=" " ind2="4">
			<subfield code="a">information security.</subfield>
		</datafield>
		<datafield tag="650" ind1=" " ind2="4">
			<subfield code="a">Informationssicherheit.</subfield>
		</datafield>
		<datafield tag="650" ind1=" " ind2="4">
			<subfield code="a">IT security.</subfield>
		</datafield>
		<datafield tag="650" ind1=" " ind2="4">
			<subfield code="a">IT-SIcherheit.</subfield>
		</datafield>
		<datafield tag="650" ind1=" " ind2="4">
			<subfield code="a">Kryptologie.</subfield>
		</datafield>
		<datafield tag="773" ind1="0" ind2="8">
			<subfield code="i">Title is part of eBook package:</subfield>
			<subfield code="d">De Gruyter</subfield>
			<subfield code="t">EBOOK PACKAGE COMPLETE 2018</subfield>
			<subfield code="z">9783110603255</subfield>
			<subfield code="o">ZDB-23-DGG</subfield>
		</datafield>
		<datafield tag="773" ind1="0" ind2="8">
			<subfield code="i">Title is part of eBook package:</subfield>
			<subfield code="d">De Gruyter</subfield>
			<subfield code="t">EBOOK PACKAGE Engineering, Computer Sciences 2018</subfield>
			<subfield code="z">9783110603118</subfield>
			<subfield code="o">ZDB-23-DIE</subfield>
		</datafield>
		<datafield tag="776" ind1="0" ind2=" ">
			<subfield code="c">EPUB</subfield>
			<subfield code="z">978-3-11-049208-8</subfield>
		</datafield>
		<datafield tag="776" ind1="0" ind2=" ">
			<subfield code="c">print</subfield>
			<subfield code="z">9783110494839</subfield>
		</datafield>
		<datafield tag="856" ind1="4" ind2="0">
			<subfield code="u">https://doi.org/10.1515/9783110494853</subfield>
		</datafield>
		<datafield tag="856" ind1="4" ind2="2">
			<subfield code="3">Cover</subfield>
			<subfield code="u">https://www.degruyter.com/doc/cover/9783110494853.jpg</subfield>
		</datafield>
		<datafield tag="912" ind1=" " ind2=" ">
			<subfield code="a">GBV-deGruyter-alles</subfield>
		</datafield>
		<datafield tag="912" ind1=" " ind2=" ">
			<subfield code="a">GBV-deGruyter-PDA12STME</subfield>
		</datafield>
		<datafield tag="912" ind1=" " ind2=" ">
			<subfield code="a">GBV-deGruyter-PDA14ALL</subfield>
		</datafield>
		<datafield tag="912" ind1=" " ind2=" ">
			<subfield code="a">GBV-deGruyter-PDA15STM</subfield>
		</datafield>
		<datafield tag="912" ind1=" " ind2=" ">
			<subfield code="a">GBV-deGruyter-PDA1ALL</subfield>
		</datafield>
		<datafield tag="912" ind1=" " ind2=" ">
			<subfield code="a">GBV-deGruyter-PDA3STM</subfield>
		</datafield>
		<datafield tag="912" ind1=" " ind2=" ">
			<subfield code="a">GBV-deGruyter-PDA5EBK</subfield>
		</datafield>
		<datafield tag="912" ind1=" " ind2=" ">
			<subfield code="a">ZDB-23-DEI</subfield>
			<subfield code="b">2018</subfield>
		</datafield>
		<datafield tag="912" ind1=" " ind2=" ">
			<subfield code="a">ZDB-23-DGG</subfield>
			<subfield code="b">2018</subfield>
		</datafield>
	</record>