
	<record xmlns="http://www.loc.gov/MARC21/slim">
		<leader>06250nam a22007815i 4500</leader>
		<controlfield tag="001">9783110496000</controlfield>
		<controlfield tag="003">DE-B1597</controlfield>
		<controlfield tag="005">20180327123002.0</controlfield>
		<controlfield tag="006">m|||||o||d||||||||</controlfield>
		<controlfield tag="007">cr || ||||||||</controlfield>
		<controlfield tag="008">180327s2018    gw     fo  d z      eng d</controlfield>
		<datafield tag="020" ind1=" " ind2=" ">
			<subfield code="a">9783110496000</subfield>
		</datafield>
		<datafield tag="024" ind1="7" ind2=" ">
			<subfield code="a">10.1515/9783110496000</subfield>
			<subfield code="2">doi</subfield>
		</datafield>
		<datafield tag="035" ind1=" " ind2=" ">
			<subfield code="a">(DE-B1597)469927</subfield>
		</datafield>
		<datafield tag="040" ind1=" " ind2=" ">
			<subfield code="a">DE-B1597</subfield>
			<subfield code="b">eng</subfield>
			<subfield code="c">DE-B1597</subfield>
			<subfield code="e">rda</subfield>
		</datafield>
		<datafield tag="041" ind1="0" ind2=" ">
			<subfield code="a">eng</subfield>
		</datafield>
		<datafield tag="044" ind1=" " ind2=" ">
			<subfield code="a">gw</subfield>
			<subfield code="c">DE</subfield>
		</datafield>
		<datafield tag="072" ind1=" " ind2="7">
			<subfield code="a">LCO</subfield>
			<subfield code="2">bisacsh</subfield>
		</datafield>
		<datafield tag="072" ind1=" " ind2="7">
			<subfield code="a">LCO000000</subfield>
			<subfield code="2">bisacsh</subfield>
		</datafield>
		<datafield tag="072" ind1=" " ind2="7">
			<subfield code="a">LIT</subfield>
			<subfield code="2">bisacsh</subfield>
		</datafield>
		<datafield tag="072" ind1=" " ind2="7">
			<subfield code="a">LIT000000</subfield>
			<subfield code="2">bisacsh</subfield>
		</datafield>
		<datafield tag="072" ind1=" " ind2="7">
			<subfield code="a">LIT004170</subfield>
			<subfield code="2">bisacsh</subfield>
		</datafield>
		<datafield tag="072" ind1=" " ind2="7">
			<subfield code="a">LIT012000</subfield>
			<subfield code="2">bisacsh</subfield>
		</datafield>
		<datafield tag="245" ind1="0" ind2="0">
			<subfield code="a">Christa Wolf :</subfield>
			<subfield code="b">A Companion /</subfield>
			<subfield code="c">Jennifer R. Hosek, Sonja E. Klocke.</subfield>
		</datafield>
		<datafield tag="264" ind1=" " ind2="1">
			<subfield code="a">Berlin ;Boston : </subfield>
			<subfield code="b">De Gruyter, </subfield>
			<subfield code="c">[2018]</subfield>
		</datafield>
		<datafield tag="264" ind1=" " ind2="4">
			<subfield code="c">©2018</subfield>
		</datafield>
		<datafield tag="300" ind1=" " ind2=" ">
			<subfield code="a">1 online resource (306 p.)</subfield>
		</datafield>
		<datafield tag="336" ind1=" " ind2=" ">
			<subfield code="a">text</subfield>
			<subfield code="b">txt</subfield>
			<subfield code="2">rdacontent</subfield>
		</datafield>
		<datafield tag="337" ind1=" " ind2=" ">
			<subfield code="a">computer</subfield>
			<subfield code="b">c</subfield>
			<subfield code="2">rdamedia</subfield>
		</datafield>
		<datafield tag="338" ind1=" " ind2=" ">
			<subfield code="a">online resource</subfield>
			<subfield code="b">cr</subfield>
			<subfield code="2">rdacarrier</subfield>
		</datafield>
		<datafield tag="347" ind1=" " ind2=" ">
			<subfield code="a">text file</subfield>
			<subfield code="b">PDF</subfield>
			<subfield code="2">rda</subfield>
		</datafield>
		<datafield tag="490" ind1="0" ind2=" ">
			<subfield code="a">Companions to Contemporary German Culture ;</subfield>
			<subfield code="v">8</subfield>
		</datafield>
		<datafield tag="505" ind1="0" ind2="0">
			<subfield code="t">Frontmatter -- </subfield>
			<subfield code="t">Table of Contents -- </subfield>
			<subfield code="t">A Note on Translations -- </subfield>
			<subfield code="t">Introduction: Reading Christa Wolf in the Twenty-First Century / </subfield>
			<subfield code="r">Klocke, Sonja E. / Hosek, Jennifer R. -- </subfield>
			<subfield code="t">Modernity and the City in Christa Wolf’s Oeuvre of the 1960s / </subfield>
			<subfield code="r">Swope, Curtis -- </subfield>
			<subfield code="t">Narrative Topographies in Christa Wolf’s Oeuvre / </subfield>
			<subfield code="r">Criser, Regine -- </subfield>
			<subfield code="t">The Gendered Reception of Christa Wolf / </subfield>
			<subfield code="r">Kuhn, Anna K. -- </subfield>
			<subfield code="t">Unearthing a Post-Humanist Ecological Socialism in Christa Wolf’s ‘Selbstversuch’, Kassandra and Störfall / </subfield>
			<subfield code="r">Janson, Deborah -- </subfield>
			<subfield code="t">Nature, Power and Literature: Rereading Christa Wolf’s Störfall. Nachrichten eines Tages as ‘Ecological Force’ in Times of Climate Crisis / </subfield>
			<subfield code="r">Mering, Sabine von -- </subfield>
			<subfield code="t">Literature and Visual Art in Christa Wolf’s Sommerstück (1989) and Was bleibt (1990) / </subfield>
			<subfield code="r">Skare, Roswitha -- </subfield>
			<subfield code="t">Learning from the Underground: Christa Wolf and the Fourth Generation of GDR Writers / </subfield>
			<subfield code="r">Horakova, Anna -- </subfield>
			<subfield code="t">From Pan-German Cosmopolitanism to Nostalgic National Insularity: A Comparative Study of Christa Wolf’s Kassandra and Medea / </subfield>
			<subfield code="r">Pizer, John -- </subfield>
			<subfield code="t">Christa Wolf’s Trouble with Race / </subfield>
			<subfield code="r">Weber, Beverly M. -- </subfield>
			<subfield code="t">Towards a Late Style? Christa Wolf on Old Age, Death and Creativity in Stadt der Engel oder The Overcoat of Dr. Freud / </subfield>
			<subfield code="r">Smale, Catherine -- </subfield>
			<subfield code="t">The Protocol of Barriers to Thinking? Wolf’s Moskauer Tagebücher. Wer wir sind und wer wir waren (2014) / </subfield>
			<subfield code="r">Dahlke, Birgit -- </subfield>
			<subfield code="t">Translating Subjective Authenticity from Christa T. to Stadt der Engel and August: Re-presenting Christa Wolf’s Subaltern Voice / </subfield>
			<subfield code="r">Summers, Caroline -- </subfield>
			<subfield code="t">From Political-Realistic Reading to Multiperspectival Understanding: The Reception of Christa Wolf’s Der geteilte Himmel in China / </subfield>
			<subfield code="r">Chen, Yutian / Zhang, Fan -- </subfield>
			<subfield code="t">Reading Christa Wolf in Socialist Vietnam / </subfield>
			<subfield code="r">Trinh, Huynh Mai -- </subfield>
			<subfield code="t">Christa Wolf: A Select Bibliography / </subfield>
			<subfield code="r">Klocke, Sonja E. -- </subfield>
			<subfield code="t">Contributors -- </subfield>
			<subfield code="t">Index</subfield>
		</datafield>
		<datafield tag="520" ind1=" " ind2=" ">
			<subfield code="a">Interest in Christa Wolf continues to grow. Her classics are being reprinted and new titles are appearing posthumously, becoming bestsellers, and being translated. Energetic scholarly debates engage well-known aesthetic and political issues that the public intellectual herself fore-fronted. This broad-ranging introduction to the author, her work and times builds upon and moves beyond such foundational interpretative frameworks by articulating the global relevance of Wolf’s oeuvre today, also for non-German readers. Thus, it brings East German culture alive to students, teachers, scholars and the general public by connecting the socialist German Democratic Republic (GDR) and the lived experiences of its citizens to nations and cultures around the world. The collection focuses on topical matters including the search for authenticity, agency, race, cosmopolitanism, gender, environmentalism, geopolitics, war, and memory debates, as well as movie adaptations and Wolf’s film work with DEFA, marketing, and international reception. Our contributions – by senior and emerging scholars from across the globe – emphasize Wolf’s position as an author of world literature and an important critical voice in the 21st century. </subfield>
		</datafield>
		<datafield tag="538" ind1=" " ind2=" ">
			<subfield code="a">Mode of access: Internet via World Wide Web.</subfield>
		</datafield>
		<datafield tag="546" ind1=" " ind2=" ">
			<subfield code="a">In English.</subfield>
		</datafield>
		<datafield tag="588" ind1="0" ind2=" ">
			<subfield code="a">Description based on online resource; title from PDF title page (publisher's Web site, viewed 27. Mrz 2018)</subfield>
		</datafield>
		<datafield tag="650" ind1=" " ind2="4">
			<subfield code="a">Christa Wolf.</subfield>
		</datafield>
		<datafield tag="650" ind1=" " ind2="4">
			<subfield code="a">GDR literature.</subfield>
		</datafield>
		<datafield tag="650" ind1=" " ind2="4">
			<subfield code="a">German literature.</subfield>
		</datafield>
		<datafield tag="650" ind1=" " ind2="4">
			<subfield code="a">Literatur / DDR.</subfield>
		</datafield>
		<datafield tag="700" ind1="1" ind2=" ">
			<subfield code="a">Hosek, Jennifer R., </subfield>
			<subfield code="e">editor.</subfield>
		</datafield>
		<datafield tag="700" ind1="1" ind2=" ">
			<subfield code="a">Klocke, Sonja E., </subfield>
			<subfield code="e">editor.</subfield>
		</datafield>
		<datafield tag="773" ind1="0" ind2="8">
			<subfield code="i">Title is part of eBook package:</subfield>
			<subfield code="d">De Gruyter</subfield>
			<subfield code="t">EBOOK PACKAGE COMPLETE 2018 English</subfield>
			<subfield code="z">9783110604252</subfield>
		</datafield>
		<datafield tag="773" ind1="0" ind2="8">
			<subfield code="i">Title is part of eBook package:</subfield>
			<subfield code="d">De Gruyter</subfield>
			<subfield code="t">EBOOK PACKAGE COMPLETE 2018</subfield>
			<subfield code="z">9783110603255</subfield>
			<subfield code="o">ZDB-23-DGG</subfield>
		</datafield>
		<datafield tag="773" ind1="0" ind2="8">
			<subfield code="i">Title is part of eBook package:</subfield>
			<subfield code="d">De Gruyter</subfield>
			<subfield code="t">EBOOK PACKAGE Literary, Cultural and Area Stud. 2018 English</subfield>
			<subfield code="z">9783110604184</subfield>
		</datafield>
		<datafield tag="773" ind1="0" ind2="8">
			<subfield code="i">Title is part of eBook package:</subfield>
			<subfield code="d">De Gruyter</subfield>
			<subfield code="t">EBOOK PACKAGE Literary, Cultural and Area Studies 2017</subfield>
			<subfield code="z">9783110548198</subfield>
		</datafield>
		<datafield tag="773" ind1="0" ind2="8">
			<subfield code="i">Title is part of eBook package:</subfield>
			<subfield code="d">De Gruyter</subfield>
			<subfield code="t">EBOOK PACKAGE Literary, Cultural and Area Studies 2018</subfield>
			<subfield code="z">9783110603187</subfield>
		</datafield>
		<datafield tag="776" ind1="0" ind2=" ">
			<subfield code="c">EPUB</subfield>
			<subfield code="z">978-3-11-049345-0</subfield>
		</datafield>
		<datafield tag="776" ind1="0" ind2=" ">
			<subfield code="c">print</subfield>
			<subfield code="z">9783110491999</subfield>
		</datafield>
		<datafield tag="856" ind1="4" ind2="0">
			<subfield code="u">https://doi.org/10.1515/9783110496000</subfield>
		</datafield>
		<datafield tag="856" ind1="4" ind2="2">
			<subfield code="3">Cover</subfield>
			<subfield code="u">https://www.degruyter.com/doc/cover/9783110496000.jpg</subfield>
		</datafield>
		<datafield tag="912" ind1=" " ind2=" ">
			<subfield code="a">978-3-11-054819-8  EBOOK PACKAGE Literary, Cultural and Area Studies 2017</subfield>
			<subfield code="b">2017</subfield>
		</datafield>
		<datafield tag="912" ind1=" " ind2=" ">
			<subfield code="a">978-3-11-060318-7  EBOOK PACKAGE Literary, Cultural and Area Studies 2018</subfield>
			<subfield code="b">2018</subfield>
		</datafield>
		<datafield tag="912" ind1=" " ind2=" ">
			<subfield code="a">978-3-11-060418-4  EBOOK PACKAGE Literary, Cultural and Area Stud. 2018 English</subfield>
			<subfield code="b">2018</subfield>
		</datafield>
		<datafield tag="912" ind1=" " ind2=" ">
			<subfield code="a">978-3-11-060425-2  EBOOK PACKAGE COMPLETE 2018 English</subfield>
			<subfield code="b">2018</subfield>
		</datafield>
		<datafield tag="912" ind1=" " ind2=" ">
			<subfield code="a">GBV-deGruyter-alles</subfield>
		</datafield>
		<datafield tag="912" ind1=" " ind2=" ">
			<subfield code="a">GBV-deGruyter-PDA11SSHE</subfield>
		</datafield>
		<datafield tag="912" ind1=" " ind2=" ">
			<subfield code="a">GBV-deGruyter-PDA13ENGE</subfield>
		</datafield>
		<datafield tag="912" ind1=" " ind2=" ">
			<subfield code="a">GBV-deGruyter-PDA14ALL</subfield>
		</datafield>
		<datafield tag="912" ind1=" " ind2=" ">
			<subfield code="a">GBV-deGruyter-PDA16SSH</subfield>
		</datafield>
		<datafield tag="912" ind1=" " ind2=" ">
			<subfield code="a">GBV-deGruyter-PDA17SSHEE</subfield>
		</datafield>
		<datafield tag="912" ind1=" " ind2=" ">
			<subfield code="a">GBV-deGruyter-PDA1ALL</subfield>
		</datafield>
		<datafield tag="912" ind1=" " ind2=" ">
			<subfield code="a">GBV-deGruyter-PDA2</subfield>
		</datafield>
		<datafield tag="912" ind1=" " ind2=" ">
			<subfield code="a">GBV-deGruyter-PDA2HUM</subfield>
		</datafield>
		<datafield tag="912" ind1=" " ind2=" ">
			<subfield code="a">GBV-deGruyter-PDA5EBK</subfield>
		</datafield>
		<datafield tag="912" ind1=" " ind2=" ">
			<subfield code="a">GBV-deGruyter-PDA7ENG</subfield>
		</datafield>
		<datafield tag="912" ind1=" " ind2=" ">
			<subfield code="a">ZDB-23-DGG</subfield>
			<subfield code="b">2018</subfield>
		</datafield>
	</record>