
	<record xmlns="http://www.loc.gov/MARC21/slim">
		<leader>07637nam a22005415i 4500</leader>
		<controlfield tag="001">9783110509229</controlfield>
		<controlfield tag="003">DE-B1597</controlfield>
		<controlfield tag="005">20180327123002.0</controlfield>
		<controlfield tag="006">m|||||o||d||||||||</controlfield>
		<controlfield tag="007">cr || ||||||||</controlfield>
		<controlfield tag="008">180327s2018    gw     fo  d z      ger d</controlfield>
		<datafield tag="020" ind1=" " ind2=" ">
			<subfield code="a">9783110509229</subfield>
		</datafield>
		<datafield tag="024" ind1="7" ind2=" ">
			<subfield code="a">10.1515/9783110509229</subfield>
			<subfield code="2">doi</subfield>
		</datafield>
		<datafield tag="035" ind1=" " ind2=" ">
			<subfield code="a">(DE-B1597)471988</subfield>
		</datafield>
		<datafield tag="040" ind1=" " ind2=" ">
			<subfield code="a">DE-B1597</subfield>
			<subfield code="b">eng</subfield>
			<subfield code="c">DE-B1597</subfield>
			<subfield code="e">rda</subfield>
		</datafield>
		<datafield tag="041" ind1="0" ind2=" ">
			<subfield code="a">ger</subfield>
		</datafield>
		<datafield tag="044" ind1=" " ind2=" ">
			<subfield code="a">gw</subfield>
			<subfield code="c">DE</subfield>
		</datafield>
		<datafield tag="072" ind1=" " ind2="7">
			<subfield code="a">SOC000000</subfield>
			<subfield code="2">bisacsh</subfield>
		</datafield>
		<datafield tag="245" ind1="0" ind2="0">
			<subfield code="a">Zehn Jahre danach. Niklas Luhmanns »Die Gesellschaft der Gesellschaft« :</subfield>
			<subfield code="b">Themenheft Soziale Systeme 1+2/07 /</subfield>
			<subfield code="c">Dirk Baecker, Michael Hutter, Gaetano Romano, Rudolf Stichweh.</subfield>
		</datafield>
		<datafield tag="264" ind1=" " ind2="1">
			<subfield code="a">München ;Wien : </subfield>
			<subfield code="b">De Gruyter Oldenbourg, </subfield>
			<subfield code="c">[2018]</subfield>
		</datafield>
		<datafield tag="264" ind1=" " ind2="4">
			<subfield code="c">©2008</subfield>
		</datafield>
		<datafield tag="300" ind1=" " ind2=" ">
			<subfield code="a">1 online resource </subfield>
		</datafield>
		<datafield tag="336" ind1=" " ind2=" ">
			<subfield code="a">text</subfield>
			<subfield code="b">txt</subfield>
			<subfield code="2">rdacontent</subfield>
		</datafield>
		<datafield tag="337" ind1=" " ind2=" ">
			<subfield code="a">computer</subfield>
			<subfield code="b">c</subfield>
			<subfield code="2">rdamedia</subfield>
		</datafield>
		<datafield tag="338" ind1=" " ind2=" ">
			<subfield code="a">online resource</subfield>
			<subfield code="b">cr</subfield>
			<subfield code="2">rdacarrier</subfield>
		</datafield>
		<datafield tag="347" ind1=" " ind2=" ">
			<subfield code="a">text file</subfield>
			<subfield code="b">PDF</subfield>
			<subfield code="2">rda</subfield>
		</datafield>
		<datafield tag="505" ind1="0" ind2="0">
			<subfield code="t">Frontmatter -- </subfield>
			<subfield code="t">Inhalt -- </subfield>
			<subfield code="t">Editorial -- </subfield>
			<subfield code="t">I. SYSTEME/SYSTEMS -- </subfield>
			<subfield code="t">Netzwerke in der Gesellschaß der Gesellschaft. Funktionen und Folgen einer doppelten Begriffsverwendung / </subfield>
			<subfield code="r">Bommes, Michael / Tacke, Veronika -- </subfield>
			<subfield code="t">Zur Reduzibilität und Irreduzibilität des Sozialen in der Handlungs- und der Systemtheorie / </subfield>
			<subfield code="r">Greve, Jens -- </subfield>
			<subfield code="t">Are markets like protest movements? A theoretical appraisal of valuation systems / </subfield>
			<subfield code="r">Hutter, Michael -- </subfield>
			<subfield code="t">Luhmanns Gesellschaftstheorie: Anregung und Herausforderung für eine allgemeine Theorie komplexer Systeme / </subfield>
			<subfield code="r">Jost, Jürgen / Olbrich, Eckehard -- </subfield>
			<subfield code="t">Meaning as society's transcendental subject: Die Gesellschaß der Gesellschaß, Computers and Theology / </subfield>
			<subfield code="r">Qvortrup, Lars -- </subfield>
			<subfield code="t">Die Sichtbarkeit sozialer Systeme: Zur Visualität von Selbst- und Fremdbeschreibungen / </subfield>
			<subfield code="r">Stäheli, Urs -- </subfield>
			<subfield code="t">Struktur/ Ereignis: Eine unterentwickelte, aber vielversprechende Unterscheidung in der Systemtheorie Niklas Luhmanns / </subfield>
			<subfield code="r">Tang, Chih-Chieh -- </subfield>
			<subfield code="t">Divergenzen und Konvergenzen in der Trias von Evolutions-, System- und Differenzierungstheorie / </subfield>
			<subfield code="r">Wortmann, Hendrik -- </subfield>
			<subfield code="t">Luhmann and Laozi on Self-Reference and Mutual Arising / </subfield>
			<subfield code="r">Wu, Meiyao / Stevenson, Frank -- </subfield>
			<subfield code="t">II. DIFFERENZIERUNG / DIFFERENTIATION -- </subfield>
			<subfield code="t">The relevance of interactions in functionally differentiated society: The contribution of conversation analysis to the theory of social systems / </subfield>
			<subfield code="r">Baraldi, Claudio / Gavioli, Laura -- </subfield>
			<subfield code="t">Die Episodisierung der Gesellschaft / </subfield>
			<subfield code="r">Cevolini, Alberto -- </subfield>
			<subfield code="t">Götter, Herren und Verwandte. Frühe mesopotamische Sozialsysteme und ihre Umwelten / </subfield>
			<subfield code="r">Götzelt, Thomas -- </subfield>
			<subfield code="t">Regionale »organisierte Gesellschaften« und ihre Schwierigkeiten mit der Realität der funktionalen Differenzierung / </subfield>
			<subfield code="r">Hayoz, Nicolas -- </subfield>
			<subfield code="t">Das Verhältnis von Statuskonsistenz und Statusinkonsistenz in Interaktion, Organisation und Gesellschaft / </subfield>
			<subfield code="r">Itschert, Adrian -- </subfield>
			<subfield code="t">Regionen und Differenzierung / </subfield>
			<subfield code="r">Japp, Klaus P. -- </subfield>
			<subfield code="t">Kontingenz und Notwendigkeit in der Semantik Lateinamerikas / </subfield>
			<subfield code="r">Mascareño, Aldo -- </subfield>
			<subfield code="t">Communication, Confidence and Trust: Functional Differentiation in Chile / </subfield>
			<subfield code="r">Rodríguez, Darío -- </subfield>
			<subfield code="t">The Theory of Functional Differentiation and the History of Modern Society. Reflections on the Reception of Systems Theory in Recent Historiography / </subfield>
			<subfield code="r">Ziemann, Benjamin -- </subfield>
			<subfield code="t">Moderne Selbstbeschreibungsverhältnisse. Konkurrenz, funktionale Differenzierung und latente Leistungstransfers im Prozess der Selbstbeschreibung moderner Gesellschaft / </subfield>
			<subfield code="r">Zorn, Carsten -- </subfield>
			<subfield code="t">III. FUNKTIONSSYSTEME / FUNCTIONAL SYSTEMS -- </subfield>
			<subfield code="t">Ex facto ius oritur. Überlegungen zum Ursprungsparadox des Rechts / </subfield>
			<subfield code="r">Amstutz, Marc -- </subfield>
			<subfield code="t">Religiöse Devianz und Ausdifferenzierung der Religion / </subfield>
			<subfield code="r">Corti, Alessandra -- </subfield>
			<subfield code="t">The Time of Money / </subfield>
			<subfield code="r">Esposito, Elena -- </subfield>
			<subfield code="t">Dogmatik als eine Theorie der Semantik innerhalb der Theologie. Überlegungen einer theologischen Fachdisziplin zu Luhmanns Soziologie der Bezeichnungen und der Beschreibungen / </subfield>
			<subfield code="r">Fresacher, Bernhard -- </subfield>
			<subfield code="t">Zur Rekonstruktion und Rehabilitation eines absonderlichen Funktionssystems - Medizin und Krankenbehandlung bei Niklas Luhmann und in der Folgerezeption / </subfield>
			<subfield code="r">Pelikan, Jürgen M. -- </subfield>
			<subfield code="t">Gerechtigkeit in der Selbstbeschreibung des Rechtssystems / </subfield>
			<subfield code="r">Teubner, Gunther -- </subfield>
			<subfield code="t">Zur immunologischen Funktion literarischer Kommunikation / </subfield>
			<subfield code="r">Türk, Johannes -- </subfield>
			<subfield code="t">Säkularisierung als Inklusionsproblem / </subfield>
			<subfield code="r">Vanderstraeten, Raf -- </subfield>
			<subfield code="t">IV. WELTGESELLSCHAFT / WORLD SOCIETY -- </subfield>
			<subfield code="t">Soziale und funktionale Differenzierung. Überlegungen zu einer Interaktionstheorie der Weltgesellschaft / </subfield>
			<subfield code="r">Heintz, Bettina -- </subfield>
			<subfield code="t">Wie »modern« ist die Weltgesellschaft? Funktionale Differenzierung und ihre Alternativen / </subfield>
			<subfield code="r">Holzer, Boris -- </subfield>
			<subfield code="t">The Societal Function of European Integration in the Context of World Society / </subfield>
			<subfield code="r">Kjaer, Poul F. -- </subfield>
			<subfield code="t">Publika. Zur Globalisierungsdynamik von Funktionssystemen / </subfield>
			<subfield code="r">Werron, Tobias -- </subfield>
			<subfield code="t">Weltgesellschaft im Wandel - globale Wege, Verbindungen und Vergleiche / </subfield>
			<subfield code="r">Ziegert, Klaus A. -- </subfield>
			<subfield code="t">V. THEORIEFRAGEN / THEORY FORMATION -- </subfield>
			<subfield code="t">Communication With Computers, or How Next Society Calls for an Understanding of Temporal Form / </subfield>
			<subfield code="r">Baecker, Dirk -- </subfield>
			<subfield code="t">Evolution, Temporalisierung und Gegenwart revisited. Spielräume in Luhmanns Zeittheorie / </subfield>
			<subfield code="r">Gehring, Petra -- </subfield>
			<subfield code="t">Von Macht zu Einfluss. Eine Theorieextension / </subfield>
			<subfield code="r">Kabalak, Alihan / Priddat, Birger P. -- </subfield>
			<subfield code="t">»Gesellschaft« und »menschliche Lebensform«. Zum Verhältnis zweier Fundamentalbegriffe des Sozialen / </subfield>
			<subfield code="r">Khurana, Thomas -- </subfield>
			<subfield code="t">Observing Communication: Niklas Luhmann and the Problem of Ethnography / </subfield>
			<subfield code="r">Lee, Daniel B. -- </subfield>
			<subfield code="t">Negieren lernen. Vom Rechnen mit Individualität / </subfield>
			<subfield code="r">Lehmann, Maren -- </subfield>
			<subfield code="t">Gesellschaft als Kommunikation - Kommunikation als Gesellschaft? Plädoyer für die Berücksichtigung ethnomethodologischer Konversationsanalyse in Niklas Luhmanns Gesellschaftstheorie / </subfield>
			<subfield code="r">Messmer, Heinz -- </subfield>
			<subfield code="t">La réception de l'oeuvre de Niklas Luhmann en France: difficultés, analyse et prospective / </subfield>
			<subfield code="r">Rabault, Hugues -- </subfield>
			<subfield code="t">Die Logik der Form und das Problem der Metaphysik / </subfield>
			<subfield code="r">Rustemeyer, Dirk -- </subfield>
			<subfield code="t">Beziehung als systemtheoretischer Begriff / </subfield>
			<subfield code="r">Schmidt, Johannes F. K. -- </subfield>
			<subfield code="t">Evolutionary Theory and the Theory of World Society / </subfield>
			<subfield code="r">Stichweh, Rudolf -- </subfield>
			<subfield code="t">Networks and Meaning: Styles and Switchings / </subfield>
			<subfield code="r">White, Harrison / Fuhse, Jan / Thiemann, Matthias / Buchholz, Larissa -- </subfield>
			<subfield code="t">Abstracts -- </subfield>
			<subfield code="t">Über die Autoren -- </subfield>
			<subfield code="t">Hinweise für unsere Autoren -- </subfield>
			<subfield code="t">Backmatter</subfield>
		</datafield>
		<datafield tag="520" ind1=" " ind2=" ">
			<subfield code="a">Ausgehend von Niklas Luhmanns 1997 erschienener „Gesellschaft der Gesellschaft“ stellen Fachleute aus verschiedenen Forschungszusammenhängen den Einfluss von Luhmanns Begriffen und Hypothesen dar, wobei die wissenschaftliche Arbeitsmethodik Luhmanns den Ausgangspunkt bildet. Der Blick richtet sich im Sinne interdisziplinärer Neugierde auf die Theoriearbeit in anderen scientific communities ebenso wie auf die Entwicklungsgeschichte von Luhmanns Denken.</subfield>
		</datafield>
		<datafield tag="538" ind1=" " ind2=" ">
			<subfield code="a">Mode of access: Internet via World Wide Web.</subfield>
		</datafield>
		<datafield tag="546" ind1=" " ind2=" ">
			<subfield code="a">In German.</subfield>
		</datafield>
		<datafield tag="588" ind1="0" ind2=" ">
			<subfield code="a">Description based on online resource; title from PDF title page (publisher's Web site, viewed 27. Mrz 2018)</subfield>
		</datafield>
		<datafield tag="700" ind1="1" ind2=" ">
			<subfield code="a">Baecker, Dirk, </subfield>
			<subfield code="e">editor.</subfield>
		</datafield>
		<datafield tag="700" ind1="1" ind2=" ">
			<subfield code="a">Hutter, Michael, </subfield>
			<subfield code="e">editor.</subfield>
		</datafield>
		<datafield tag="700" ind1="1" ind2=" ">
			<subfield code="a">Romano, Gaetano, </subfield>
			<subfield code="e">editor.</subfield>
		</datafield>
		<datafield tag="700" ind1="1" ind2=" ">
			<subfield code="a">Stichweh, Rudolf, </subfield>
			<subfield code="e">editor.</subfield>
		</datafield>
		<datafield tag="776" ind1="0" ind2=" ">
			<subfield code="c">print</subfield>
			<subfield code="z">9783828204492</subfield>
		</datafield>
		<datafield tag="856" ind1="4" ind2="0">
			<subfield code="u">https://doi.org/10.1515/9783110509229</subfield>
		</datafield>
		<datafield tag="856" ind1="4" ind2="2">
			<subfield code="3">Cover</subfield>
			<subfield code="u">https://www.degruyter.com/doc/cover/9783110509229.jpg</subfield>
		</datafield>
		<datafield tag="912" ind1=" " ind2=" ">
			<subfield code="a">GBV-deGruyter-alles</subfield>
		</datafield>
		<datafield tag="912" ind1=" " ind2=" ">
			<subfield code="a">GBV-deGruyter-PDA11SSHE</subfield>
		</datafield>
		<datafield tag="912" ind1=" " ind2=" ">
			<subfield code="a">GBV-deGruyter-PDA12STME</subfield>
		</datafield>
		<datafield tag="912" ind1=" " ind2=" ">
			<subfield code="a">GBV-deGruyter-PDA14ALL</subfield>
		</datafield>
		<datafield tag="912" ind1=" " ind2=" ">
			<subfield code="a">GBV-deGruyter-PDA15STM</subfield>
		</datafield>
		<datafield tag="912" ind1=" " ind2=" ">
			<subfield code="a">GBV-deGruyter-PDA16SSH</subfield>
		</datafield>
		<datafield tag="912" ind1=" " ind2=" ">
			<subfield code="a">GBV-deGruyter-PDA1ALL</subfield>
		</datafield>
		<datafield tag="912" ind1=" " ind2=" ">
			<subfield code="a">GBV-deGruyter-PDA2HUM</subfield>
		</datafield>
		<datafield tag="912" ind1=" " ind2=" ">
			<subfield code="a">GBV-deGruyter-PDA3STM</subfield>
		</datafield>
		<datafield tag="912" ind1=" " ind2=" ">
			<subfield code="a">GBV-deGruyter-PDA5EBK</subfield>
		</datafield>
	</record>