
	<record xmlns="http://www.loc.gov/MARC21/slim">
		<leader>07556nam a22006735i 4500</leader>
		<controlfield tag="001">9783110526585</controlfield>
		<controlfield tag="003">DE-B1597</controlfield>
		<controlfield tag="005">20180327123002.0</controlfield>
		<controlfield tag="006">m|||||o||d||||||||</controlfield>
		<controlfield tag="007">cr || ||||||||</controlfield>
		<controlfield tag="008">180327s2018    gw     fo  d z      ger d</controlfield>
		<datafield tag="020" ind1=" " ind2=" ">
			<subfield code="a">9783110526585</subfield>
		</datafield>
		<datafield tag="024" ind1="7" ind2=" ">
			<subfield code="a">10.1515/9783110526585</subfield>
			<subfield code="2">doi</subfield>
		</datafield>
		<datafield tag="035" ind1=" " ind2=" ">
			<subfield code="a">(DE-B1597)474531</subfield>
		</datafield>
		<datafield tag="040" ind1=" " ind2=" ">
			<subfield code="a">DE-B1597</subfield>
			<subfield code="b">eng</subfield>
			<subfield code="c">DE-B1597</subfield>
			<subfield code="e">rda</subfield>
		</datafield>
		<datafield tag="041" ind1="0" ind2=" ">
			<subfield code="a">ger</subfield>
		</datafield>
		<datafield tag="044" ind1=" " ind2=" ">
			<subfield code="a">gw</subfield>
			<subfield code="c">DE</subfield>
		</datafield>
		<datafield tag="072" ind1=" " ind2="7">
			<subfield code="a">LAN009000</subfield>
			<subfield code="2">bisacsh</subfield>
		</datafield>
		<datafield tag="072" ind1=" " ind2="7">
			<subfield code="a">LAN009010</subfield>
			<subfield code="2">bisacsh</subfield>
		</datafield>
		<datafield tag="245" ind1="0" ind2="0">
			<subfield code="a">Sprachwandel im Deutschen /</subfield>
			<subfield code="c">Luise Czajkowski, Sabrina Ulbrich-Bösch, Christina Waldvogel.</subfield>
		</datafield>
		<datafield tag="264" ind1=" " ind2="1">
			<subfield code="a">Berlin ;Boston : </subfield>
			<subfield code="b">De Gruyter, </subfield>
			<subfield code="c">[2018]</subfield>
		</datafield>
		<datafield tag="264" ind1=" " ind2="4">
			<subfield code="c">©2018</subfield>
		</datafield>
		<datafield tag="300" ind1=" " ind2=" ">
			<subfield code="a">1 online resource (514 p.)</subfield>
		</datafield>
		<datafield tag="336" ind1=" " ind2=" ">
			<subfield code="a">text</subfield>
			<subfield code="b">txt</subfield>
			<subfield code="2">rdacontent</subfield>
		</datafield>
		<datafield tag="337" ind1=" " ind2=" ">
			<subfield code="a">computer</subfield>
			<subfield code="b">c</subfield>
			<subfield code="2">rdamedia</subfield>
		</datafield>
		<datafield tag="338" ind1=" " ind2=" ">
			<subfield code="a">online resource</subfield>
			<subfield code="b">cr</subfield>
			<subfield code="2">rdacarrier</subfield>
		</datafield>
		<datafield tag="347" ind1=" " ind2=" ">
			<subfield code="a">text file</subfield>
			<subfield code="b">PDF</subfield>
			<subfield code="2">rda</subfield>
		</datafield>
		<datafield tag="490" ind1="0" ind2=" ">
			<subfield code="a">Lingua Historica Germanica ;</subfield>
			<subfield code="v">19</subfield>
		</datafield>
		<datafield tag="505" ind1="0" ind2="0">
			<subfield code="t">Frontmatter -- </subfield>
			<subfield code="t">Tabula Gratulatoria -- </subfield>
			<subfield code="t">Vorwort -- </subfield>
			<subfield code="t">Inhalt -- </subfield>
			<subfield code="t">Teil I. Sprachwandel in Morphologie, Wortbildung und Syntax -- </subfield>
			<subfield code="t">Zur Diminuierung männlicher und weiblicher Verwandtschaftsbezeichnungen in der jüngeren Sprachgeschichte des Deutschen / </subfield>
			<subfield code="r">Lameli, Alfred -- </subfield>
			<subfield code="t">Hilfsverbwechsel (Perfektbildung) in neuerer Zeit? / </subfield>
			<subfield code="r">Krause, Maxi -- </subfield>
			<subfield code="t">Genug ist schon zu viel. Ein spezieller Präfixverlust im Althochdeutschen / </subfield>
			<subfield code="r">Heidermanns, Frank -- </subfield>
			<subfield code="t">Zwischen Innovation und Tradition. Substantivderivation in der Überlieferung der Hoheliedparaphrase Willirams von Ebersberg / </subfield>
			<subfield code="r">Hanauska, Monika -- </subfield>
			<subfield code="t">Pseudopartizipien im Wandel der Zeit / </subfield>
			<subfield code="r">Gante, Christiane -- </subfield>
			<subfield code="t">Das Mittelhochdeutsche Wörterbuch online und die Valenz. Aus der Werkstatt des Mittelhochdeutschen syntaktischen Verbwörterbuchs / </subfield>
			<subfield code="r">Greule, Albrecht -- </subfield>
			<subfield code="t">Der Mensch geht, der Teufel fährt. Zum semantischen und syntaktischen Verhalten einiger Fortbewegungsverben / </subfield>
			<subfield code="r">Wolf, Norbert Richard -- </subfield>
			<subfield code="t">Bleibt das Kind schon längere Zeit munter… Zur Grammatik von Konditionalsätzen im 19. Jahrhundert / </subfield>
			<subfield code="r">Götz, Ursula -- </subfield>
			<subfield code="t">Begründete Evidenz bei Otfrid / </subfield>
			<subfield code="r">Lühr, Rosemarie -- </subfield>
			<subfield code="t">Teil II. Sprachwandel in Lexik und Lexikographie -- </subfield>
			<subfield code="t">Zur Geschichte deutscher etymologischer Wörterbücher / </subfield>
			<subfield code="r">Riecke, Jörg -- </subfield>
			<subfield code="t">Spannende Späne. Beispiele zum Wortbedeutungswandel aus der Werkstatt des Deutschen Rechtswörterbuchs / </subfield>
			<subfield code="r">Deutsch, Andreas -- </subfield>
			<subfield code="t">Vom senen zur Sehnsucht / </subfield>
			<subfield code="r">Müller, Stephan / Wich-Reif, Claudia -- </subfield>
			<subfield code="t">Zur Überlieferung von ahd. riuti und riutī / </subfield>
			<subfield code="r">Prinz, Michael -- </subfield>
			<subfield code="t">Bedeutungswandel paradox. Zur Entwicklung der Intensivierer fast, ganz, recht / </subfield>
			<subfield code="r">Harm, Volker -- </subfield>
			<subfield code="t">Vom Schweigen der Mönche. Volkssprachige Bestandteile im Signa-loquendi- Kapitel der Consuetudines Hirsaugienses und das Althochdeutsche Wörterbuch / </subfield>
			<subfield code="r">Bulitta, Brigitte / Mikeleitis-Winter, Almut -- </subfield>
			<subfield code="t">Althochdeutsche Monatsbezeichnungen in Einhards Karlsvita, Kalendarien und Sachglossaren. Überlieferungsgeschichte und Wortschatzgeschichte / </subfield>
			<subfield code="r">Bergmann, Rolf / Stricker, Stefanie -- </subfield>
			<subfield code="t">Teil III. Wandel in Fachsprachen -- </subfield>
			<subfield code="t">Chanstu dez nit, so pist ein lap. Beobachtungen zum Gebrauch des (generischen) du in historischen Fachtexten / </subfield>
			<subfield code="r">Schuster, Britt-Marie -- </subfield>
			<subfield code="t">Konstanz und Varianz in der Fachsprache. Ein Modell zur Erschließung des fachsprachlichen Gehalts am Beispiel der Waidmannssprache / </subfield>
			<subfield code="r">Schultz-Balluff, Simone -- </subfield>
			<subfield code="t">Einen lehrstuhl ausgebessert und eine bettstatt rebarirt. Analyse einer historischen Fachsprache des Schreinerhandwerks / </subfield>
			<subfield code="r">Wildfeuer, Alfred / Eller-Wildfeuer, Nicole -- </subfield>
			<subfield code="t">Fachsprachen im Wandel der Zeit. Ausgewählte Überlegungen / </subfield>
			<subfield code="r">Braun, Christian -- </subfield>
			<subfield code="t">Vom Elefanten zum Alten, vom Alten zum Sprinter. Onomasiologischer Wandel auf dem Schachbrett / </subfield>
			<subfield code="r">Nievergelt, Andreas -- </subfield>
			<subfield code="t">Teil IV Text(sorten)wandel -- </subfield>
			<subfield code="t">Sprachgeschichtliche Aspekte der Verwendung von Bildzeichen im Chat / </subfield>
			<subfield code="r">Siebenhaar, Beat -- </subfield>
			<subfield code="t">Textwandlungen – Eucharius Rösslin, Der Swangern Frauwen und hebammen Rosegarten als sprachhistorische Quelle / </subfield>
			<subfield code="r">Moulin, Claudine -- </subfield>
			<subfield code="t">Handlungsschemata im Wiener Niederlagsprivileg von 1281 / </subfield>
			<subfield code="r">Ernst, Peter -- </subfield>
			<subfield code="t">Sprachwandel in der Anzeigenwerbung vom 18. bis zum 20. Jahrhundert / </subfield>
			<subfield code="r">Meier, Jörg -- </subfield>
			<subfield code="t">Teil V. Regionaler Sprachwandel -- </subfield>
			<subfield code="t">Ostmitteldeutsch im 13. Jahrhundert / </subfield>
			<subfield code="r">Klein, Thomas -- </subfield>
			<subfield code="t">Ein Markolf aus Leipzig? Die deutsche Prosafassung von Salomon und Markolf in Leipzig, UB, Rep. II 159 / </subfield>
			<subfield code="r">Griese, Sabine -- </subfield>
			<subfield code="t">Die mittelniederdeutsche Fassung des Leipziger Schützenbriefes von 1497. Ein Einzelfall der niederdeutschen Inkunabeldrucke. Kommentar ‒ Sprachuntersuchung ‒ Edition / </subfield>
			<subfield code="r">Nagel, Norbert / Peters, Robert -- </subfield>
			<subfield code="t">Wie schwand das Präteritum im Bairischen? / </subfield>
			<subfield code="r">Rowley, Anthony Robert -- </subfield>
			<subfield code="t">Oanagg, urass, sturaxad. Formenvielfalt bairischer Adjektive / </subfield>
			<subfield code="r">Zehetner, Ludwig -- </subfield>
			<subfield code="t">Dieter Stellmacher Die flämingischen Eigennamen in den Sprachwandelprozessen einer üdmärkischnordobersächsischen Sprachlandschaft -- </subfield>
			<subfield code="t">Teil VI. Handschriftenkunde und Geschichte -- </subfield>
			<subfield code="t">Ein neues Zeugnis deutschsprachigen Kirchengesangs aus der Zeit der Reformation / </subfield>
			<subfield code="r">Mackert, Christoph -- </subfield>
			<subfield code="t">Deutschsprachige Glossen-, Glossar- und Vokabularhandschriften in der Universitätsbibliothek Leipzig. Eine Bestandsaufnahme. Zugleich eine Ergänzung zum Handschriftenkatalog von Pensel und Stahl (1998) / </subfield>
			<subfield code="r">Sturm, Katrin -- </subfield>
			<subfield code="t">Das Sprachenproblem in der mittelalterlichen Pfarrseelsorge. Beobachtungen in den Lausitzen und anderen Landschaften der Germania Sacra / </subfield>
			<subfield code="r">Bünz, Enno -- </subfield>
			<subfield code="t">Beharrung und Wandel in der akademischen Lehre. Zur Institutionalisierung der humanistischen Bildungsreform an der „vorklassischen“ deutschen Universität / </subfield>
			<subfield code="r">Rudersdorf, Manfred -- </subfield>
			<subfield code="t">Publikationsverzeichnis Hans Ulrich Schmid</subfield>
		</datafield>
		<datafield tag="520" ind1=" " ind2=" ">
			<subfield code="a">Der Band vereint Beiträge zu zentralen Themen der historischen germanistischen Sprachwissenschaft. Vertreten sind die Bereiche der historischen Morphologie, Wortbildung, Lexikographie und Syntax, historischen Fach-und Schreibsprachenforschung sowie angrenzende Gebiete wie literaturwissenschaftliche Mediävistik und Geschichtswissenschaft. Mit ihrem Fokus auf den Sprachwandel des Deutschen eröffnen die Beiträge neue Perspektiven auf diachrone Veränderungen nicht nur zwischen, sondern auch innerhalb der verschiedenen Sprachstufen des Deutschen. </subfield>
		</datafield>
		<datafield tag="538" ind1=" " ind2=" ">
			<subfield code="a">Mode of access: Internet via World Wide Web.</subfield>
		</datafield>
		<datafield tag="546" ind1=" " ind2=" ">
			<subfield code="a">In German.</subfield>
		</datafield>
		<datafield tag="588" ind1="0" ind2=" ">
			<subfield code="a">Description based on online resource; title from PDF title page (publisher's Web site, viewed 27. Mrz 2018)</subfield>
		</datafield>
		<datafield tag="650" ind1=" " ind2="4">
			<subfield code="a">Diachronie.</subfield>
		</datafield>
		<datafield tag="650" ind1=" " ind2="4">
			<subfield code="a">diachrony.</subfield>
		</datafield>
		<datafield tag="650" ind1=" " ind2="4">
			<subfield code="a">Historical linguistics.</subfield>
		</datafield>
		<datafield tag="650" ind1=" " ind2="4">
			<subfield code="a">Historische Linguistik.</subfield>
		</datafield>
		<datafield tag="650" ind1=" " ind2="4">
			<subfield code="a">Mediävistik.</subfield>
		</datafield>
		<datafield tag="650" ind1=" " ind2="4">
			<subfield code="a">medieval studies.</subfield>
		</datafield>
		<datafield tag="650" ind1=" " ind2="4">
			<subfield code="a">Schreibsprachenforschung.</subfield>
		</datafield>
		<datafield tag="700" ind1="1" ind2=" ">
			<subfield code="a">Czajkowski, Luise, </subfield>
			<subfield code="e">editor.</subfield>
		</datafield>
		<datafield tag="700" ind1="1" ind2=" ">
			<subfield code="a">Ulbrich-Bösch, Sabrina, </subfield>
			<subfield code="e">editor.</subfield>
		</datafield>
		<datafield tag="700" ind1="1" ind2=" ">
			<subfield code="a">Waldvogel, Christina, </subfield>
			<subfield code="e">editor.</subfield>
		</datafield>
		<datafield tag="773" ind1="0" ind2="8">
			<subfield code="i">Title is part of eBook package:</subfield>
			<subfield code="d">De Gruyter</subfield>
			<subfield code="t">EBOOK PACKAGE COMPLETE 2018</subfield>
			<subfield code="z">9783110603255</subfield>
			<subfield code="o">ZDB-23-DGG</subfield>
		</datafield>
		<datafield tag="773" ind1="0" ind2="8">
			<subfield code="i">Title is part of eBook package:</subfield>
			<subfield code="d">De Gruyter</subfield>
			<subfield code="t">EBOOK PACKAGE Linguistics 2018</subfield>
			<subfield code="z">9783110603170</subfield>
			<subfield code="o">ZDB-23-DSP</subfield>
		</datafield>
		<datafield tag="776" ind1="0" ind2=" ">
			<subfield code="c">EPUB</subfield>
			<subfield code="z">978-3-11-052535-9</subfield>
		</datafield>
		<datafield tag="776" ind1="0" ind2=" ">
			<subfield code="c">print</subfield>
			<subfield code="z">9783110525182</subfield>
		</datafield>
		<datafield tag="856" ind1="4" ind2="0">
			<subfield code="u">https://doi.org/10.1515/9783110526585</subfield>
		</datafield>
		<datafield tag="856" ind1="4" ind2="2">
			<subfield code="3">Cover</subfield>
			<subfield code="u">https://www.degruyter.com/doc/cover/9783110526585.jpg</subfield>
		</datafield>
		<datafield tag="912" ind1=" " ind2=" ">
			<subfield code="a">GBV-deGruyter-alles</subfield>
		</datafield>
		<datafield tag="912" ind1=" " ind2=" ">
			<subfield code="a">GBV-deGruyter-PDA11SSHE</subfield>
		</datafield>
		<datafield tag="912" ind1=" " ind2=" ">
			<subfield code="a">GBV-deGruyter-PDA14ALL</subfield>
		</datafield>
		<datafield tag="912" ind1=" " ind2=" ">
			<subfield code="a">GBV-deGruyter-PDA16SSH</subfield>
		</datafield>
		<datafield tag="912" ind1=" " ind2=" ">
			<subfield code="a">GBV-deGruyter-PDA1ALL</subfield>
		</datafield>
		<datafield tag="912" ind1=" " ind2=" ">
			<subfield code="a">GBV-deGruyter-PDA2</subfield>
		</datafield>
		<datafield tag="912" ind1=" " ind2=" ">
			<subfield code="a">GBV-deGruyter-PDA2HUM</subfield>
		</datafield>
		<datafield tag="912" ind1=" " ind2=" ">
			<subfield code="a">GBV-deGruyter-PDA5EBK</subfield>
		</datafield>
		<datafield tag="912" ind1=" " ind2=" ">
			<subfield code="a">ZDB-23-DGG</subfield>
			<subfield code="b">2018</subfield>
		</datafield>
		<datafield tag="912" ind1=" " ind2=" ">
			<subfield code="a">ZDB-23-DSP</subfield>
			<subfield code="b">2018</subfield>
		</datafield>
	</record>