
	<record xmlns="http://www.loc.gov/MARC21/slim">
		<leader>06485nam a22006855i 4500</leader>
		<controlfield tag="001">9783110527018</controlfield>
		<controlfield tag="003">DE-B1597</controlfield>
		<controlfield tag="005">20180327123002.0</controlfield>
		<controlfield tag="006">m|||||o||d||||||||</controlfield>
		<controlfield tag="007">cr || ||||||||</controlfield>
		<controlfield tag="008">180327s2018    gw     fo  d z      eng d</controlfield>
		<datafield tag="020" ind1=" " ind2=" ">
			<subfield code="a">9783110527018</subfield>
		</datafield>
		<datafield tag="024" ind1="7" ind2=" ">
			<subfield code="a">10.1515/9783110527018</subfield>
			<subfield code="2">doi</subfield>
		</datafield>
		<datafield tag="035" ind1=" " ind2=" ">
			<subfield code="a">(DE-B1597)474501</subfield>
		</datafield>
		<datafield tag="040" ind1=" " ind2=" ">
			<subfield code="a">DE-B1597</subfield>
			<subfield code="b">eng</subfield>
			<subfield code="c">DE-B1597</subfield>
			<subfield code="e">rda</subfield>
		</datafield>
		<datafield tag="041" ind1="0" ind2=" ">
			<subfield code="a">eng</subfield>
		</datafield>
		<datafield tag="044" ind1=" " ind2=" ">
			<subfield code="a">gw</subfield>
			<subfield code="c">DE</subfield>
		</datafield>
		<datafield tag="072" ind1=" " ind2="7">
			<subfield code="a">LAN009000</subfield>
			<subfield code="2">bisacsh</subfield>
		</datafield>
		<datafield tag="245" ind1="0" ind2="0">
			<subfield code="a">Insights from Practices in Community-Based Research :</subfield>
			<subfield code="b">From Theory To Practice Around The Globe /</subfield>
			<subfield code="c">Shannon T. Bischoff, Carmen Jany.</subfield>
		</datafield>
		<datafield tag="264" ind1=" " ind2="1">
			<subfield code="a">Berlin ;Boston : </subfield>
			<subfield code="b">De Gruyter Mouton, </subfield>
			<subfield code="c">[2018]</subfield>
		</datafield>
		<datafield tag="264" ind1=" " ind2="4">
			<subfield code="c">©2018</subfield>
		</datafield>
		<datafield tag="300" ind1=" " ind2=" ">
			<subfield code="a">1 online resource (350 p.)</subfield>
		</datafield>
		<datafield tag="336" ind1=" " ind2=" ">
			<subfield code="a">text</subfield>
			<subfield code="b">txt</subfield>
			<subfield code="2">rdacontent</subfield>
		</datafield>
		<datafield tag="337" ind1=" " ind2=" ">
			<subfield code="a">computer</subfield>
			<subfield code="b">c</subfield>
			<subfield code="2">rdamedia</subfield>
		</datafield>
		<datafield tag="338" ind1=" " ind2=" ">
			<subfield code="a">online resource</subfield>
			<subfield code="b">cr</subfield>
			<subfield code="2">rdacarrier</subfield>
		</datafield>
		<datafield tag="347" ind1=" " ind2=" ">
			<subfield code="a">text file</subfield>
			<subfield code="b">PDF</subfield>
			<subfield code="2">rda</subfield>
		</datafield>
		<datafield tag="490" ind1="0" ind2=" ">
			<subfield code="a">Trends in Linguistics. Studies and Monographs [TiLSM] ;</subfield>
			<subfield code="v">319</subfield>
		</datafield>
		<datafield tag="505" ind1="0" ind2="0">
			<subfield code="t">Frontmatter -- </subfield>
			<subfield code="t">Contents -- </subfield>
			<subfield code="t">Introduction / </subfield>
			<subfield code="r">Bischoff, Shannon / Jany, Carmen -- </subfield>
			<subfield code="t">Collaborative research: Visions and realities / </subfield>
			<subfield code="r">Rice, Keren -- </subfield>
			<subfield code="t">When Participatory Action Research (PAR) and (Western) Academic Institutional Policies do not align / </subfield>
			<subfield code="r">Benedicto, Elena -- </subfield>
			<subfield code="t">Consultation, relationship and results in community-based language research / </subfield>
			<subfield code="r">Czaykowska-Higgins, Ewa / Daniels, Xway’Waat Deanna / Kulchyski, Tim / Paul, Andrew / Thom, Brian / Twance, S. Marlo / Urbanczyk, Suzanne C. -- </subfield>
			<subfield code="t">Creating sustainable models of language documentation and revitalization / </subfield>
			<subfield code="r">Fitzgerald, Colleen M. -- </subfield>
			<subfield code="t">Slowly, slowly said the jaguar: Collaborations as a goal of linguistic field research over time / </subfield>
			<subfield code="r">Báez, Gabriela Pérez -- </subfield>
			<subfield code="t">The Koasati Language Project: A collaborative, community-based language documentation and revitalization model / </subfield>
			<subfield code="r">Langley, Bertney / Langley, Linda / Martin, Jack B. / Hasselbacher, Stephanie -- </subfield>
			<subfield code="t">Full collaboration of native speaker and linguist, working together for language revitalization / </subfield>
			<subfield code="r">Eschenberg, Ardis / Saunsoci, Alice -- </subfield>
			<subfield code="t">Participatory action research for Indigenous linguistics in the digital age / </subfield>
			<subfield code="r">Junker, Marie-Odile -- </subfield>
			<subfield code="t">Implementing collaborative research in Blackfoot language instruction / </subfield>
			<subfield code="r">Miyashita, Mizuki / Buren, Jackelyn Van / Goff, Rebecca / Lunak, S. Megan / Chatsis, Annabelle / Schupbach, Scott -- </subfield>
			<subfield code="t">100 years of analyzing Coeur d’Alene with the community / </subfield>
			<subfield code="r">Bischoff, Shannon / Fountain, Amy / Vincent, Audra -- </subfield>
			<subfield code="t">Creating learning materials and teaching materials for language revitalization: The case of Mutsun / </subfield>
			<subfield code="r">Warner, Natasha / Geary, Quirina / Butler, Lynnika -- </subfield>
			<subfield code="t">Collaborative research and assessment in Kaqchikel / </subfield>
			<subfield code="r">Heaton, Raina / Xoyón, Igor -- </subfield>
			<subfield code="t">The collaborative process in a Wounaan meu language documentation project / </subfield>
			<subfield code="r">Runk, Julie Velásquez / Opua, Chenier Carpio -- </subfield>
			<subfield code="t">Babanki literacy classes and community-based language research / </subfield>
			<subfield code="r">Akumbu, Pius W. -- </subfield>
			<subfield code="t">Exploring new research perspectives on African cultures through language documentation / </subfield>
			<subfield code="r">Mutaka, Philip -- </subfield>
			<subfield code="t">The field is not the lab, and the lab is not the field: Experimental linguistics and endangered language communities / </subfield>
			<subfield code="r">Meyer, Joshua R. / Kloehn, Nicholas / Carnie, Andrew / Archangeli, Diana / Clayton, Ian / Fisher, Muriel / Hammond, Michael / Ussishkin, Adam / Warner, Natasha -- </subfield>
			<subfield code="t">Transforming the landscape of language revitalization work in Australia: The Documenting and Revitalising Indigenous Languages training model / </subfield>
			<subfield code="r">Florey, Margaret -- </subfield>
			<subfield code="t">Index</subfield>
		</datafield>
		<datafield tag="520" ind1=" " ind2=" ">
			<subfield code="a">There has been an increasing interest in the emerging subfield within linguistics and anthropology often referred to as community-based research (Himmelmann 1998, Rice 2010, Crippen and Robinson 2013, among others). This volume brings together perspectives from academics, community members, and those that find themselves in both academia and the community. The volume begins with a working definition of the notions of community-based research as a practice and illustrates how such notions shifted, without abandoning the outlined tenets within the working definition, as the chapters developed to include notions of community-based research as a tool and ideology as well as an orientation. Each of the 17 chapters represents a case-study with the first five including discussions of broader issues and theoretical perspectives while exploring community-based research as an emerging subfield within linguistics. The case-studies comprise work from the Americas, Australia, India, Europe, and Africa. The goal of the volume is to build on the emerging literature and practices in the field to arrive at a better understanding of how community-based research is theorized and practiced in a variety of environments, communities, and cultures.</subfield>
		</datafield>
		<datafield tag="538" ind1=" " ind2=" ">
			<subfield code="a">Mode of access: Internet via World Wide Web.</subfield>
		</datafield>
		<datafield tag="546" ind1=" " ind2=" ">
			<subfield code="a">In English.</subfield>
		</datafield>
		<datafield tag="588" ind1="0" ind2=" ">
			<subfield code="a">Description based on online resource; title from PDF title page (publisher's Web site, viewed 27. Mrz 2018)</subfield>
		</datafield>
		<datafield tag="650" ind1=" " ind2="4">
			<subfield code="a">Community Engagement.</subfield>
		</datafield>
		<datafield tag="650" ind1=" " ind2="4">
			<subfield code="a">Community-based Research.</subfield>
		</datafield>
		<datafield tag="650" ind1=" " ind2="4">
			<subfield code="a">Field Work.</subfield>
		</datafield>
		<datafield tag="700" ind1="1" ind2=" ">
			<subfield code="a">Bischoff, Shannon T., </subfield>
			<subfield code="e">editor.</subfield>
		</datafield>
		<datafield tag="700" ind1="1" ind2=" ">
			<subfield code="a">Jany, Carmen, </subfield>
			<subfield code="e">editor.</subfield>
		</datafield>
		<datafield tag="773" ind1="0" ind2="8">
			<subfield code="i">Title is part of eBook package:</subfield>
			<subfield code="d">De Gruyter</subfield>
			<subfield code="t">EBOOK PACKAGE COMPLETE 2018 English</subfield>
			<subfield code="z">9783110604252</subfield>
		</datafield>
		<datafield tag="773" ind1="0" ind2="8">
			<subfield code="i">Title is part of eBook package:</subfield>
			<subfield code="d">De Gruyter</subfield>
			<subfield code="t">EBOOK PACKAGE COMPLETE 2018</subfield>
			<subfield code="z">9783110603255</subfield>
			<subfield code="o">ZDB-23-DGG</subfield>
		</datafield>
		<datafield tag="773" ind1="0" ind2="8">
			<subfield code="i">Title is part of eBook package:</subfield>
			<subfield code="d">De Gruyter</subfield>
			<subfield code="t">EBOOK PACKAGE Linguistics 2018 English</subfield>
			<subfield code="z">978-3-11-060407-8</subfield>
		</datafield>
		<datafield tag="773" ind1="0" ind2="8">
			<subfield code="i">Title is part of eBook package:</subfield>
			<subfield code="d">De Gruyter</subfield>
			<subfield code="t">EBOOK PACKAGE Linguistics 2018</subfield>
			<subfield code="z">9783110603170</subfield>
			<subfield code="o">ZDB-23-DSP</subfield>
		</datafield>
		<datafield tag="776" ind1="0" ind2=" ">
			<subfield code="c">EPUB</subfield>
			<subfield code="z">978-3-11-052481-9</subfield>
		</datafield>
		<datafield tag="776" ind1="0" ind2=" ">
			<subfield code="c">print</subfield>
			<subfield code="z">9783110524741</subfield>
		</datafield>
		<datafield tag="856" ind1="4" ind2="0">
			<subfield code="u">https://doi.org/10.1515/9783110527018</subfield>
		</datafield>
		<datafield tag="856" ind1="4" ind2="2">
			<subfield code="3">Cover</subfield>
			<subfield code="u">https://www.degruyter.com/doc/cover/9783110527018.jpg</subfield>
		</datafield>
		<datafield tag="912" ind1=" " ind2=" ">
			<subfield code="a">978-3-11-060407-8  EBOOK PACKAGE Linguistics 2018 English</subfield>
			<subfield code="b">2018</subfield>
		</datafield>
		<datafield tag="912" ind1=" " ind2=" ">
			<subfield code="a">978-3-11-060425-2  EBOOK PACKAGE COMPLETE 2018 English</subfield>
			<subfield code="b">2018</subfield>
		</datafield>
		<datafield tag="912" ind1=" " ind2=" ">
			<subfield code="a">GBV-deGruyter-alles</subfield>
		</datafield>
		<datafield tag="912" ind1=" " ind2=" ">
			<subfield code="a">GBV-deGruyter-PDA11SSHE</subfield>
		</datafield>
		<datafield tag="912" ind1=" " ind2=" ">
			<subfield code="a">GBV-deGruyter-PDA13ENGE</subfield>
		</datafield>
		<datafield tag="912" ind1=" " ind2=" ">
			<subfield code="a">GBV-deGruyter-PDA14ALL</subfield>
		</datafield>
		<datafield tag="912" ind1=" " ind2=" ">
			<subfield code="a">GBV-deGruyter-PDA16SSH</subfield>
		</datafield>
		<datafield tag="912" ind1=" " ind2=" ">
			<subfield code="a">GBV-deGruyter-PDA17SSHEE</subfield>
		</datafield>
		<datafield tag="912" ind1=" " ind2=" ">
			<subfield code="a">GBV-deGruyter-PDA1ALL</subfield>
		</datafield>
		<datafield tag="912" ind1=" " ind2=" ">
			<subfield code="a">GBV-deGruyter-PDA2</subfield>
		</datafield>
		<datafield tag="912" ind1=" " ind2=" ">
			<subfield code="a">GBV-deGruyter-PDA2HUM</subfield>
		</datafield>
		<datafield tag="912" ind1=" " ind2=" ">
			<subfield code="a">GBV-deGruyter-PDA5EBK</subfield>
		</datafield>
		<datafield tag="912" ind1=" " ind2=" ">
			<subfield code="a">GBV-deGruyter-PDA7ENG</subfield>
		</datafield>
		<datafield tag="912" ind1=" " ind2=" ">
			<subfield code="a">ZDB-23-DGG</subfield>
			<subfield code="b">2018</subfield>
		</datafield>
		<datafield tag="912" ind1=" " ind2=" ">
			<subfield code="a">ZDB-23-DSP</subfield>
			<subfield code="b">2018</subfield>
		</datafield>
	</record>