
	<record xmlns="http://www.loc.gov/MARC21/slim">
		<leader>06197nam a22006615i 4500</leader>
		<controlfield tag="001">9783110535372</controlfield>
		<controlfield tag="003">DE-B1597</controlfield>
		<controlfield tag="005">20180327123002.0</controlfield>
		<controlfield tag="006">m|||||o||d||||||||</controlfield>
		<controlfield tag="007">cr || ||||||||</controlfield>
		<controlfield tag="008">180327s2018    gw     fo  d z      eng d</controlfield>
		<datafield tag="020" ind1=" " ind2=" ">
			<subfield code="a">9783110535372</subfield>
		</datafield>
		<datafield tag="024" ind1="7" ind2=" ">
			<subfield code="a">10.1515/9783110535372</subfield>
			<subfield code="2">doi</subfield>
		</datafield>
		<datafield tag="035" ind1=" " ind2=" ">
			<subfield code="a">(DE-B1597)477664</subfield>
		</datafield>
		<datafield tag="040" ind1=" " ind2=" ">
			<subfield code="a">DE-B1597</subfield>
			<subfield code="b">eng</subfield>
			<subfield code="c">DE-B1597</subfield>
			<subfield code="e">rda</subfield>
		</datafield>
		<datafield tag="041" ind1="0" ind2=" ">
			<subfield code="a">eng</subfield>
		</datafield>
		<datafield tag="044" ind1=" " ind2=" ">
			<subfield code="a">gw</subfield>
			<subfield code="c">DE</subfield>
		</datafield>
		<datafield tag="072" ind1=" " ind2="7">
			<subfield code="a">LAN025000</subfield>
			<subfield code="2">bisacsh</subfield>
		</datafield>
		<datafield tag="245" ind1="0" ind2="0">
			<subfield code="a">Repositories for Print :</subfield>
			<subfield code="b">Strategies for Access, Preservation and Democracy /</subfield>
			<subfield code="c">Pentti Vattulainen, Steve O'Connor.</subfield>
		</datafield>
		<datafield tag="264" ind1=" " ind2="1">
			<subfield code="a">Berlin ;Boston : </subfield>
			<subfield code="b">De Gruyter Saur, </subfield>
			<subfield code="c">[2018]</subfield>
		</datafield>
		<datafield tag="264" ind1=" " ind2="4">
			<subfield code="c">©2018</subfield>
		</datafield>
		<datafield tag="300" ind1=" " ind2=" ">
			<subfield code="a">1 online resource (203 p.)</subfield>
		</datafield>
		<datafield tag="336" ind1=" " ind2=" ">
			<subfield code="a">text</subfield>
			<subfield code="b">txt</subfield>
			<subfield code="2">rdacontent</subfield>
		</datafield>
		<datafield tag="337" ind1=" " ind2=" ">
			<subfield code="a">computer</subfield>
			<subfield code="b">c</subfield>
			<subfield code="2">rdamedia</subfield>
		</datafield>
		<datafield tag="338" ind1=" " ind2=" ">
			<subfield code="a">online resource</subfield>
			<subfield code="b">cr</subfield>
			<subfield code="2">rdacarrier</subfield>
		</datafield>
		<datafield tag="347" ind1=" " ind2=" ">
			<subfield code="a">text file</subfield>
			<subfield code="b">PDF</subfield>
			<subfield code="2">rda</subfield>
		</datafield>
		<datafield tag="490" ind1="0" ind2=" ">
			<subfield code="a">Current Topics in Library and Information Practice</subfield>
		</datafield>
		<datafield tag="505" ind1="0" ind2="0">
			<subfield code="t">Frontmatter -- </subfield>
			<subfield code="t">Table of contents -- </subfield>
			<subfield code="t">List of abbreviations -- </subfield>
			<subfield code="t">1. Introduction and Background -- </subfield>
			<subfield code="t">2. Re-visiting the concept and purpose of the print repository -- </subfield>
			<subfield code="t">3. Managing complex collections in an interconnected world / </subfield>
			<subfield code="r">Ball, Alasdair / White, Liz -- </subfield>
			<subfield code="t">4. Shared Archiving Austria: A Joint Archiving Strategy for Austrian University Libraries / </subfield>
			<subfield code="r">Mayer, Wolfgang / Kromp, Brigitte -- </subfield>
			<subfield code="t">5. Outsourcing: a solution for New Zealand university libraries’ print journals / </subfield>
			<subfield code="r">Renwick, Helen / George, Linda -- </subfield>
			<subfield code="t">6. Supporting libraries: Setting up the Cooperative Storage Library Switzerland / </subfield>
			<subfield code="r">Niederer, Ulrich -- </subfield>
			<subfield code="t">7. Supporting users: ensuring access while preserving archival copies / </subfield>
			<subfield code="r">Oesterheld, Christian -- </subfield>
			<subfield code="t">8. The Repository Library / </subfield>
			<subfield code="r">Edvardsen, Jonny / Sakrihei, Helen -- </subfield>
			<subfield code="t">9. The past, present and future of a print repository: CAVAL and the changing context for print storage and preservation / </subfield>
			<subfield code="r">Robinson, Michael -- </subfield>
			<subfield code="t">10. Collection policies for the post-digital era of academic publishing – future scenarios for the academic libraries / </subfield>
			<subfield code="r">Saarti, Jarmo -- </subfield>
			<subfield code="t">11. The evolving model of the National Repository Library of Finland / </subfield>
			<subfield code="r">Vattulainen, Pentti -- </subfield>
			<subfield code="t">12. Repositioning an Institutional Repository to Capture Research and Data / </subfield>
			<subfield code="r">Sidorko, Peter -- </subfield>
			<subfield code="t">13. Coordinating a National Policy for Shared Conservation / </subfield>
			<subfield code="r">Baraggioli, Jean-Louis -- </subfield>
			<subfield code="t">14. The GEPA, or how an old infantry barrack is an answer to the lack of space in Catalonia / </subfield>
			<subfield code="r">Linares, Santi Balagué i / Ferrer, Lluís Anglada i de -- </subfield>
			<subfield code="t">15. Sharing Print Serials in North America: A Status Report and Agenda for the Next Decade / </subfield>
			<subfield code="r">Reilly, Bernard F. -- </subfield>
			<subfield code="t">About the authors -- </subfield>
			<subfield code="t">About the editors -- </subfield>
			<subfield code="t">Index</subfield>
		</datafield>
		<datafield tag="520" ind1=" " ind2=" ">
			<subfield code="a">Repositories for low use books have long existed for the larger cultural institutions across the globe. Libraries have long been strong developers of off-site storage. This need has evolved for libraries because of their continuous collection of print materials as a record of the intellectual and cultural output of different cultures. Libraries have had this role described neatly and executed as a clear professional role. This new book will primarily examine two aspects of this role: Firstly, the organisational and technological responses to this evolving role will be explored and secondly, the wide breadth of strategic responses to challenges of ‘digital’ will be detailed. In this authors to this edited volume will describe their work for libraries but increasingly for Galleries, Archives and Museums. The papers are drawn from Europe, United Kingdom, the United States and Australasia. The organisational models discussed in the book provide clear illustration of imaginative responses to the plight of the individual institutional library. New organisational models are shaping the way in which business can be done in times of change. The pressures today on all cultural institutions are similar and so there is a new convergence of similar need and similar solutions. This book is an acknowledgment that there are a wide variety of strategic, organisational and technological responses to the retention of cultural objects whether they be books, art, records or other cultural objects. It is illustrative of the power of good lateral thinking and planning by professionals, of the power of international networks and of convergence in response to need. The book will be an edited with a future perspective by Pentti Vattulainen and Steve O’Connor who have had significant experience in this area internationally. </subfield>
		</datafield>
		<datafield tag="538" ind1=" " ind2=" ">
			<subfield code="a">Mode of access: Internet via World Wide Web.</subfield>
		</datafield>
		<datafield tag="546" ind1=" " ind2=" ">
			<subfield code="a">In English.</subfield>
		</datafield>
		<datafield tag="588" ind1="0" ind2=" ">
			<subfield code="a">Description based on online resource; title from PDF title page (publisher's Web site, viewed 27. Mrz 2018)</subfield>
		</datafield>
		<datafield tag="650" ind1=" " ind2="4">
			<subfield code="a">Repositorium.</subfield>
		</datafield>
		<datafield tag="700" ind1="1" ind2=" ">
			<subfield code="a">O'Connor, Steve, </subfield>
			<subfield code="e">editor.</subfield>
		</datafield>
		<datafield tag="700" ind1="1" ind2=" ">
			<subfield code="a">Vattulainen, Pentti , </subfield>
			<subfield code="e">editor.</subfield>
		</datafield>
		<datafield tag="773" ind1="0" ind2="8">
			<subfield code="i">Title is part of eBook package:</subfield>
			<subfield code="d">De Gruyter</subfield>
			<subfield code="t">EBOOK PACKAGE COMPLETE 2018 English</subfield>
			<subfield code="z">9783110604252</subfield>
		</datafield>
		<datafield tag="773" ind1="0" ind2="8">
			<subfield code="i">Title is part of eBook package:</subfield>
			<subfield code="d">De Gruyter</subfield>
			<subfield code="t">EBOOK PACKAGE COMPLETE 2018</subfield>
			<subfield code="z">9783110603255</subfield>
			<subfield code="o">ZDB-23-DGG</subfield>
		</datafield>
		<datafield tag="773" ind1="0" ind2="8">
			<subfield code="i">Title is part of eBook package:</subfield>
			<subfield code="d">De Gruyter</subfield>
			<subfield code="t">EBOOK PACKAGE Library and Information Science 2018 English</subfield>
			<subfield code="z">9783110604047</subfield>
		</datafield>
		<datafield tag="773" ind1="0" ind2="8">
			<subfield code="i">Title is part of eBook package:</subfield>
			<subfield code="d">De Gruyter</subfield>
			<subfield code="t">EBOOK PACKAGE Library and Information Science 2018</subfield>
			<subfield code="z">9783110603163</subfield>
			<subfield code="o">ZDB-23-DGB</subfield>
		</datafield>
		<datafield tag="776" ind1="0" ind2=" ">
			<subfield code="c">EPUB</subfield>
			<subfield code="z">978-3-11-053339-2</subfield>
		</datafield>
		<datafield tag="776" ind1="0" ind2=" ">
			<subfield code="c">print</subfield>
			<subfield code="z">9783110533248</subfield>
		</datafield>
		<datafield tag="856" ind1="4" ind2="0">
			<subfield code="u">https://doi.org/10.1515/9783110535372</subfield>
		</datafield>
		<datafield tag="856" ind1="4" ind2="2">
			<subfield code="3">Cover</subfield>
			<subfield code="u">https://www.degruyter.com/doc/cover/9783110535372.jpg</subfield>
		</datafield>
		<datafield tag="912" ind1=" " ind2=" ">
			<subfield code="a">978-3-11-060404-7  EBOOK PACKAGE Library and Information Science 2018 English</subfield>
			<subfield code="b">2018</subfield>
		</datafield>
		<datafield tag="912" ind1=" " ind2=" ">
			<subfield code="a">978-3-11-060425-2  EBOOK PACKAGE COMPLETE 2018 English</subfield>
			<subfield code="b">2018</subfield>
		</datafield>
		<datafield tag="912" ind1=" " ind2=" ">
			<subfield code="a">GBV-deGruyter-alles</subfield>
		</datafield>
		<datafield tag="912" ind1=" " ind2=" ">
			<subfield code="a">GBV-deGruyter-PDA11SSHE</subfield>
		</datafield>
		<datafield tag="912" ind1=" " ind2=" ">
			<subfield code="a">GBV-deGruyter-PDA13ENGE</subfield>
		</datafield>
		<datafield tag="912" ind1=" " ind2=" ">
			<subfield code="a">GBV-deGruyter-PDA14ALL</subfield>
		</datafield>
		<datafield tag="912" ind1=" " ind2=" ">
			<subfield code="a">GBV-deGruyter-PDA16SSH</subfield>
		</datafield>
		<datafield tag="912" ind1=" " ind2=" ">
			<subfield code="a">GBV-deGruyter-PDA17SSHEE</subfield>
		</datafield>
		<datafield tag="912" ind1=" " ind2=" ">
			<subfield code="a">GBV-deGruyter-PDA1ALL</subfield>
		</datafield>
		<datafield tag="912" ind1=" " ind2=" ">
			<subfield code="a">GBV-deGruyter-PDA2</subfield>
		</datafield>
		<datafield tag="912" ind1=" " ind2=" ">
			<subfield code="a">GBV-deGruyter-PDA2HUM</subfield>
		</datafield>
		<datafield tag="912" ind1=" " ind2=" ">
			<subfield code="a">GBV-deGruyter-PDA5EBK</subfield>
		</datafield>
		<datafield tag="912" ind1=" " ind2=" ">
			<subfield code="a">GBV-deGruyter-PDA7ENG</subfield>
		</datafield>
		<datafield tag="912" ind1=" " ind2=" ">
			<subfield code="a">ZDB-23-DGB</subfield>
			<subfield code="b">2018</subfield>
		</datafield>
		<datafield tag="912" ind1=" " ind2=" ">
			<subfield code="a">ZDB-23-DGG</subfield>
			<subfield code="b">2018</subfield>
		</datafield>
	</record>