
	<record xmlns="http://www.loc.gov/MARC21/slim">
		<leader>04789nam a22006495i 4500</leader>
		<controlfield tag="001">9783110536133</controlfield>
		<controlfield tag="003">DE-B1597</controlfield>
		<controlfield tag="005">20180327123002.0</controlfield>
		<controlfield tag="006">m|||||o||d||||||||</controlfield>
		<controlfield tag="007">cr || ||||||||</controlfield>
		<controlfield tag="008">180327s2018    gw     fo  d z      ger d</controlfield>
		<datafield tag="020" ind1=" " ind2=" ">
			<subfield code="a">9783110536133</subfield>
		</datafield>
		<datafield tag="024" ind1="7" ind2=" ">
			<subfield code="a">10.1515/9783110536133</subfield>
			<subfield code="2">doi</subfield>
		</datafield>
		<datafield tag="035" ind1=" " ind2=" ">
			<subfield code="a">(DE-B1597)478004</subfield>
		</datafield>
		<datafield tag="040" ind1=" " ind2=" ">
			<subfield code="a">DE-B1597</subfield>
			<subfield code="b">eng</subfield>
			<subfield code="c">DE-B1597</subfield>
			<subfield code="e">rda</subfield>
		</datafield>
		<datafield tag="041" ind1="0" ind2=" ">
			<subfield code="a">ger</subfield>
		</datafield>
		<datafield tag="044" ind1=" " ind2=" ">
			<subfield code="a">gw</subfield>
			<subfield code="c">DE</subfield>
		</datafield>
		<datafield tag="072" ind1=" " ind2="7">
			<subfield code="a">PHI005000</subfield>
			<subfield code="2">bisacsh</subfield>
		</datafield>
		<datafield tag="072" ind1=" " ind2="7">
			<subfield code="a">PHI016000</subfield>
			<subfield code="2">bisacsh</subfield>
		</datafield>
		<datafield tag="072" ind1=" " ind2="7">
			<subfield code="a">PHI022000</subfield>
			<subfield code="2">bisacsh</subfield>
		</datafield>
		<datafield tag="245" ind1="0" ind2="0">
			<subfield code="a">Leibniz heute lesen :</subfield>
			<subfield code="b">Wissenschaft, Geschichte, Religion /</subfield>
			<subfield code="c">Herta Nagl-Docekal.</subfield>
		</datafield>
		<datafield tag="264" ind1=" " ind2="1">
			<subfield code="a">Berlin ;Boston : </subfield>
			<subfield code="b">De Gruyter, </subfield>
			<subfield code="c">[2018]</subfield>
		</datafield>
		<datafield tag="264" ind1=" " ind2="4">
			<subfield code="c">©2018</subfield>
		</datafield>
		<datafield tag="300" ind1=" " ind2=" ">
			<subfield code="a">1 online resource (207 p.)</subfield>
		</datafield>
		<datafield tag="336" ind1=" " ind2=" ">
			<subfield code="a">text</subfield>
			<subfield code="b">txt</subfield>
			<subfield code="2">rdacontent</subfield>
		</datafield>
		<datafield tag="337" ind1=" " ind2=" ">
			<subfield code="a">computer</subfield>
			<subfield code="b">c</subfield>
			<subfield code="2">rdamedia</subfield>
		</datafield>
		<datafield tag="338" ind1=" " ind2=" ">
			<subfield code="a">online resource</subfield>
			<subfield code="b">cr</subfield>
			<subfield code="2">rdacarrier</subfield>
		</datafield>
		<datafield tag="347" ind1=" " ind2=" ">
			<subfield code="a">text file</subfield>
			<subfield code="b">PDF</subfield>
			<subfield code="2">rda</subfield>
		</datafield>
		<datafield tag="490" ind1="0" ind2=" ">
			<subfield code="a">Wiener Reihe ;</subfield>
			<subfield code="v">20</subfield>
		</datafield>
		<datafield tag="505" ind1="0" ind2="0">
			<subfield code="t">Frontmatter -- </subfield>
			<subfield code="t">Inhalt -- </subfield>
			<subfield code="t">Leibniz heute lesen: Eine Einführung / </subfield>
			<subfield code="r">Nagl-Docekal, Herta -- </subfield>
			<subfield code="t">I. Die Welt denken / Kritik am Szientismus -- </subfield>
			<subfield code="t">Das monadologische Strukturmodell der Welt. Leibniz zwischen Descartes und Kant / </subfield>
			<subfield code="r">Stekeler-Weithofer, Pirmin -- </subfield>
			<subfield code="t">Leibniz über Forschung zwischen Theorie und Praxis / </subfield>
			<subfield code="r">Mittelstraß, Jürgen -- </subfield>
			<subfield code="t">The Atomistic Approach in Leibniz and Indian Philosophy / </subfield>
			<subfield code="r">Lysenko, Victoria -- </subfield>
			<subfield code="t">II. Individuen in universeller Kommunikation / Vernunft und Religion(en) -- </subfield>
			<subfield code="t">Individualität bei Leibniz / </subfield>
			<subfield code="r">Gerhardt, Volker -- </subfield>
			<subfield code="t">Philosophisches System und religiöse Pluralität. Fragen aus monadologischer Perspektive / </subfield>
			<subfield code="r">Klein, Hans-Dieter -- </subfield>
			<subfield code="t">Drei Leibnizlektüren: Charles Sanders Peirce, Gilles Deleuze, John Rawls / </subfield>
			<subfield code="r">Nagl, Ludwig -- </subfield>
			<subfield code="t">III. Wissenschaft im Dienst des Gemeinwohls / Akademiekonzeptionen -- </subfield>
			<subfield code="t">Die Leibniz’sche Akademiekonzeption / </subfield>
			<subfield code="r">Knobloch, Eberhard -- </subfield>
			<subfield code="t">Die Bedeutung der Akademie der Wissenschaften für die Entwicklung der Philosophie in Russland / </subfield>
			<subfield code="r">Guseynov, Abdusalam A. -- </subfield>
			<subfield code="t">Leibniz verlässt Wien, ohne eine Akademie gegründet zu haben – was nachher geschah / </subfield>
			<subfield code="r">Wallnig, Thomas -- </subfield>
			<subfield code="t">IV. Ein nachdenkliches Schlusswort -- </subfield>
			<subfield code="t">Dank an Leibniz und an die Wiener Akademie -- </subfield>
			<subfield code="t">Die Autorinnen und Autoren -- </subfield>
			<subfield code="t">Personen- und Werkregister -- </subfield>
			<subfield code="t">Sachregister</subfield>
		</datafield>
		<datafield tag="520" ind1=" " ind2=" ">
			<subfield code="a">Welche Relevanz hat Leibniz für aktuelle Debatten? Untersucht wird Leibniz’ Konzeption der Individualität (V. Gerhardt) sowie seine These: „Der Ort des Anderen ist der wahre Standpunkt sowohl in der Politik als auch in der Moral.“ (W. Li) Ferner, wie weit Kants Theorie des Subjekts als Explikation Leibnizscher Einsichten zu lesen ist (P. Stekelr-Weithofer) und wie die Monadenlehre Einspruch gegen den Szientismus erhebt (H. Nagl-Docekal). Die Aktualität der Leibnizschen Systematik wird auch im Blick auf Religion dargestellt: hinsichtlich der europäischen Rezeption buddhistischer Traditionen (V.Lysenko) wie auch der Problematik der inter-religiösen Relationen (H.-D. Klein). Untersucht werden ferner Leibniz-Lektüren im nachmetaphysischen Denken, von Ch. S. Peirce über G. Deleuze bis J. Rawls (L. Nagl). Einen weiteren Fokus bildet die Grundidee von Akademien: das Prinzip ‚theoria cum praxi‘ (J. Mittelstraß) und die Forderung, dass die Wissenschaften dem Gemeinwohl verpflichtet sein sollen (E. Knobloch). Die Implementierung dieser Konzeption wird durch die Geschichte der Philosophie an der Russischen Akademie (A. Guseynov) sowie die österreichischen Entwicklungen nach dem letzten Aufenthalt von Leibniz in Wien (T. Wallnig) illustriert. </subfield>
		</datafield>
		<datafield tag="538" ind1=" " ind2=" ">
			<subfield code="a">Mode of access: Internet via World Wide Web.</subfield>
		</datafield>
		<datafield tag="546" ind1=" " ind2=" ">
			<subfield code="a">In German.</subfield>
		</datafield>
		<datafield tag="588" ind1="0" ind2=" ">
			<subfield code="a">Description based on online resource; title from PDF title page (publisher's Web site, viewed 27. Mrz 2018)</subfield>
		</datafield>
		<datafield tag="650" ind1=" " ind2="4">
			<subfield code="a">G.W.F. Leibniz.</subfield>
		</datafield>
		<datafield tag="650" ind1=" " ind2="4">
			<subfield code="a">history of science.</subfield>
		</datafield>
		<datafield tag="650" ind1=" " ind2="4">
			<subfield code="a">Leibniz, G. W. F.</subfield>
		</datafield>
		<datafield tag="650" ind1=" " ind2="4">
			<subfield code="a">moral philosophy.</subfield>
		</datafield>
		<datafield tag="650" ind1=" " ind2="4">
			<subfield code="a">Moralphilosophie.</subfield>
		</datafield>
		<datafield tag="650" ind1=" " ind2="4">
			<subfield code="a">Wissenschaftsgeschichte.</subfield>
		</datafield>
		<datafield tag="700" ind1="1" ind2=" ">
			<subfield code="a">Nagl-Docekal, Herta, </subfield>
			<subfield code="e">editor.</subfield>
		</datafield>
		<datafield tag="773" ind1="0" ind2="8">
			<subfield code="i">Title is part of eBook package:</subfield>
			<subfield code="d">De Gruyter</subfield>
			<subfield code="t">EBOOK PACKAGE COMPLETE 2018</subfield>
			<subfield code="z">9783110603255</subfield>
			<subfield code="o">ZDB-23-DGG</subfield>
		</datafield>
		<datafield tag="773" ind1="0" ind2="8">
			<subfield code="i">Title is part of eBook package:</subfield>
			<subfield code="d">De Gruyter</subfield>
			<subfield code="t">EBOOK PACKAGE Philosophy 2018</subfield>
			<subfield code="z">9783110603217</subfield>
			<subfield code="o">ZDB-23-DPH</subfield>
		</datafield>
		<datafield tag="776" ind1="0" ind2=" ">
			<subfield code="c">EPUB</subfield>
			<subfield code="z">978-3-11-053493-1</subfield>
		</datafield>
		<datafield tag="776" ind1="0" ind2=" ">
			<subfield code="c">print</subfield>
			<subfield code="z">9783110534924</subfield>
		</datafield>
		<datafield tag="856" ind1="4" ind2="0">
			<subfield code="u">https://doi.org/10.1515/9783110536133</subfield>
		</datafield>
		<datafield tag="856" ind1="4" ind2="2">
			<subfield code="3">Cover</subfield>
			<subfield code="u">https://www.degruyter.com/doc/cover/9783110536133.jpg</subfield>
		</datafield>
		<datafield tag="912" ind1=" " ind2=" ">
			<subfield code="a">GBV-deGruyter-alles</subfield>
		</datafield>
		<datafield tag="912" ind1=" " ind2=" ">
			<subfield code="a">GBV-deGruyter-PDA11SSHE</subfield>
		</datafield>
		<datafield tag="912" ind1=" " ind2=" ">
			<subfield code="a">GBV-deGruyter-PDA14ALL</subfield>
		</datafield>
		<datafield tag="912" ind1=" " ind2=" ">
			<subfield code="a">GBV-deGruyter-PDA16SSH</subfield>
		</datafield>
		<datafield tag="912" ind1=" " ind2=" ">
			<subfield code="a">GBV-deGruyter-PDA1ALL</subfield>
		</datafield>
		<datafield tag="912" ind1=" " ind2=" ">
			<subfield code="a">GBV-deGruyter-PDA2</subfield>
		</datafield>
		<datafield tag="912" ind1=" " ind2=" ">
			<subfield code="a">GBV-deGruyter-PDA2HUM</subfield>
		</datafield>
		<datafield tag="912" ind1=" " ind2=" ">
			<subfield code="a">GBV-deGruyter-PDA5EBK</subfield>
		</datafield>
		<datafield tag="912" ind1=" " ind2=" ">
			<subfield code="a">ZDB-23-DGG</subfield>
			<subfield code="b">2018</subfield>
		</datafield>
		<datafield tag="912" ind1=" " ind2=" ">
			<subfield code="a">ZDB-23-DPH</subfield>
			<subfield code="b">2018</subfield>
		</datafield>
	</record>