
	<record xmlns="http://www.loc.gov/MARC21/slim">
		<leader>03937nam a22007095i 4500</leader>
		<controlfield tag="001">9783110551730</controlfield>
		<controlfield tag="003">DE-B1597</controlfield>
		<controlfield tag="005">20180327123002.0</controlfield>
		<controlfield tag="006">m|||||o||d||||||||</controlfield>
		<controlfield tag="007">cr || ||||||||</controlfield>
		<controlfield tag="008">180327s2018    gw     fo  d z      ger d</controlfield>
		<datafield tag="020" ind1=" " ind2=" ">
			<subfield code="a">9783110551730</subfield>
		</datafield>
		<datafield tag="024" ind1="7" ind2=" ">
			<subfield code="a">10.1515/9783110551730</subfield>
			<subfield code="2">doi</subfield>
		</datafield>
		<datafield tag="035" ind1=" " ind2=" ">
			<subfield code="a">(DE-B1597)482496</subfield>
		</datafield>
		<datafield tag="040" ind1=" " ind2=" ">
			<subfield code="a">DE-B1597</subfield>
			<subfield code="b">eng</subfield>
			<subfield code="c">DE-B1597</subfield>
			<subfield code="e">rda</subfield>
		</datafield>
		<datafield tag="041" ind1="0" ind2=" ">
			<subfield code="a">ger</subfield>
		</datafield>
		<datafield tag="044" ind1=" " ind2=" ">
			<subfield code="a">gw</subfield>
			<subfield code="c">DE</subfield>
		</datafield>
		<datafield tag="072" ind1=" " ind2="7">
			<subfield code="a">HIS014000</subfield>
			<subfield code="2">bisacsh</subfield>
		</datafield>
		<datafield tag="072" ind1=" " ind2="7">
			<subfield code="a">HIS037070</subfield>
			<subfield code="2">bisacsh</subfield>
		</datafield>
		<datafield tag="245" ind1="0" ind2="0">
			<subfield code="a">Akten zur Auswärtigen Politik der Bundesrepublik Deutschland :</subfield>
			<subfield code="b">Wissenschaftliche Leiterin: Ilse Dorothee Pautsch. </subfield>
			<subfield code="p">1987 /</subfield>
			<subfield code="c">Andreas Wirsching, Hélène Miard-Delacroix, Gregor Schöllgen, Tim Szatkowski, Tim Geiger, Jens Jost Hofmann.</subfield>
		</datafield>
		<datafield tag="250" ind1=" " ind2=" ">
			<subfield code="a">2 Teilbde</subfield>
		</datafield>
		<datafield tag="264" ind1=" " ind2="1">
			<subfield code="a">München ;Wien : </subfield>
			<subfield code="b">De Gruyter Oldenbourg, </subfield>
			<subfield code="c">[2018]</subfield>
		</datafield>
		<datafield tag="264" ind1=" " ind2="4">
			<subfield code="c">©2018</subfield>
		</datafield>
		<datafield tag="300" ind1=" " ind2=" ">
			<subfield code="a">1 online resource (2195 p.)</subfield>
		</datafield>
		<datafield tag="336" ind1=" " ind2=" ">
			<subfield code="a">text</subfield>
			<subfield code="b">txt</subfield>
			<subfield code="2">rdacontent</subfield>
		</datafield>
		<datafield tag="337" ind1=" " ind2=" ">
			<subfield code="a">computer</subfield>
			<subfield code="b">c</subfield>
			<subfield code="2">rdamedia</subfield>
		</datafield>
		<datafield tag="338" ind1=" " ind2=" ">
			<subfield code="a">online resource</subfield>
			<subfield code="b">cr</subfield>
			<subfield code="2">rdacarrier</subfield>
		</datafield>
		<datafield tag="347" ind1=" " ind2=" ">
			<subfield code="a">text file</subfield>
			<subfield code="b">PDF</subfield>
			<subfield code="2">rda</subfield>
		</datafield>
		<datafield tag="490" ind1="0" ind2=" ">
			<subfield code="a">Akten zur Auswärtigen Politik der Bundesrepublik Deutschland</subfield>
		</datafield>
		<datafield tag="505" ind1="0" ind2="0">
			<subfield code="t">Frontmatter -- </subfield>
			<subfield code="t">Inhalt -- </subfield>
			<subfield code="t">Vorwort -- </subfield>
			<subfield code="t">Vorbemerkungen zur Edition -- </subfield>
			<subfield code="t">Verzeichnisse -- </subfield>
			<subfield code="t">Dokumentenverzeichnis -- </subfield>
			<subfield code="t">Literaturverzeichnis -- </subfield>
			<subfield code="t">Abkürzungsverzeichnis -- </subfield>
			<subfield code="t">Dokumente -- </subfield>
			<subfield code="t">Band I (Dokumente 1–50) -- </subfield>
			<subfield code="t">Band I (Dokumente 51–100) -- </subfield>
			<subfield code="t">Band I (Dokumente 101–150) -- </subfield>
			<subfield code="t">Band I (Dokumente 150–190) -- </subfield>
			<subfield code="t">Band II (Dokumente 191–381) -- </subfield>
			<subfield code="t">Band II (Dokumente 191–200) -- </subfield>
			<subfield code="t">Band II (Dokumente 200–248) -- </subfield>
			<subfield code="t">Band II (Dokumente 248–297) -- </subfield>
			<subfield code="t">Band II (Dokumente 297–344) -- </subfield>
			<subfield code="t">Band II (Dokumente 344–381) -- </subfield>
			<subfield code="t">Sachregister -- </subfield>
			<subfield code="t">Personenregister</subfield>
		</datafield>
		<datafield tag="520" ind1=" " ind2=" ">
			<subfield code="a">Der 8. Dezember 1987 stellte einen Meilenstein der Abrüstung dar: Mit dem INF-Vertrag wurde erstmals eine Waffenkategorie abgeschafft – jene nuklearen Mittelstreckenraketen, um die im Zuge des NATO-Doppelbeschlusses heftig gestritten worden war. Dieser Durchbruch im Ost-West-Verhältnis betraf den "Frontstaat" Bundesrepublik in besonderer Weise, wie zahlreiche der hier erstmals veröffentlichten 381 Dokumente belegen. Zu ost- und deutschlandpolitischen Zäsuren wurden die Besuche von Bundespräsident von Weizsäcker in Moskau und von SED-Generalsekretär Honecker in Bonn. Weitere Themen des Jahres waren der "Kreml-Flieger" Mathias Rust, der Barbie-Prozess in Lyon, das Vorgehen gegenüber der "Colonia Dignidad" in Chile sowie Entführungsfälle im Libanon. </subfield>
		</datafield>
		<datafield tag="538" ind1=" " ind2=" ">
			<subfield code="a">Mode of access: Internet via World Wide Web.</subfield>
		</datafield>
		<datafield tag="546" ind1=" " ind2=" ">
			<subfield code="a">In German.</subfield>
		</datafield>
		<datafield tag="588" ind1="0" ind2=" ">
			<subfield code="a">Description based on online resource; title from PDF title page (publisher's Web site, viewed 27. Mrz 2018)</subfield>
		</datafield>
		<datafield tag="650" ind1=" " ind2="4">
			<subfield code="a">Außenpolitik.</subfield>
		</datafield>
		<datafield tag="650" ind1=" " ind2="4">
			<subfield code="a">Bundesrepublik Deutschland.</subfield>
		</datafield>
		<datafield tag="650" ind1=" " ind2="4">
			<subfield code="a">edition.</subfield>
		</datafield>
		<datafield tag="650" ind1=" " ind2="4">
			<subfield code="a">Edition.</subfield>
		</datafield>
		<datafield tag="650" ind1=" " ind2="4">
			<subfield code="a">foreign policy.</subfield>
		</datafield>
		<datafield tag="650" ind1=" " ind2="4">
			<subfield code="a">West Germany.</subfield>
		</datafield>
		<datafield tag="700" ind1="1" ind2=" ">
			<subfield code="a">Geiger, Tim, </subfield>
			<subfield code="e">editor.</subfield>
		</datafield>
		<datafield tag="700" ind1="1" ind2=" ">
			<subfield code="a">Hofmann, Jens Jost, </subfield>
			<subfield code="e">editor.</subfield>
		</datafield>
		<datafield tag="700" ind1="1" ind2=" ">
			<subfield code="a">Miard-Delacroix, Hélène, </subfield>
			<subfield code="e">editor.</subfield>
		</datafield>
		<datafield tag="700" ind1="1" ind2=" ">
			<subfield code="a">Pautsch, Ilse Dorothee.</subfield>
		</datafield>
		<datafield tag="700" ind1="1" ind2=" ">
			<subfield code="a">Schöllgen, Gregor, </subfield>
			<subfield code="e">editor.</subfield>
		</datafield>
		<datafield tag="700" ind1="1" ind2=" ">
			<subfield code="a">Szatkowski, Tim, </subfield>
			<subfield code="e">editor.</subfield>
		</datafield>
		<datafield tag="700" ind1="1" ind2=" ">
			<subfield code="a">Wirsching, Andreas, </subfield>
			<subfield code="e">editor.</subfield>
		</datafield>
		<datafield tag="773" ind1="0" ind2="8">
			<subfield code="i">Title is part of eBook package:</subfield>
			<subfield code="d">De Gruyter</subfield>
			<subfield code="t">EBOOK PACKAGE COMPLETE 2018</subfield>
			<subfield code="z">9783110603255</subfield>
			<subfield code="o">ZDB-23-DGG</subfield>
		</datafield>
		<datafield tag="773" ind1="0" ind2="8">
			<subfield code="i">Title is part of eBook package:</subfield>
			<subfield code="d">De Gruyter</subfield>
			<subfield code="t">EBOOK PACKAGE History 2018</subfield>
			<subfield code="z">9783110603149</subfield>
			<subfield code="o">ZDB-23-DEG</subfield>
		</datafield>
		<datafield tag="776" ind1="0" ind2=" ">
			<subfield code="c">EPUB</subfield>
			<subfield code="z">978-3-11-054974-4</subfield>
		</datafield>
		<datafield tag="776" ind1="0" ind2=" ">
			<subfield code="c">print</subfield>
			<subfield code="z">9783110549584</subfield>
		</datafield>
		<datafield tag="856" ind1="4" ind2="0">
			<subfield code="u">https://doi.org/10.1515/9783110551730</subfield>
		</datafield>
		<datafield tag="856" ind1="4" ind2="2">
			<subfield code="3">Cover</subfield>
			<subfield code="u">https://www.degruyter.com/doc/cover/9783110551730.jpg</subfield>
		</datafield>
		<datafield tag="912" ind1=" " ind2=" ">
			<subfield code="a">GBV-deGruyter-alles</subfield>
		</datafield>
		<datafield tag="912" ind1=" " ind2=" ">
			<subfield code="a">GBV-deGruyter-PDA11SSHE</subfield>
		</datafield>
		<datafield tag="912" ind1=" " ind2=" ">
			<subfield code="a">GBV-deGruyter-PDA14ALL</subfield>
		</datafield>
		<datafield tag="912" ind1=" " ind2=" ">
			<subfield code="a">GBV-deGruyter-PDA16SSH</subfield>
		</datafield>
		<datafield tag="912" ind1=" " ind2=" ">
			<subfield code="a">GBV-deGruyter-PDA1ALL</subfield>
		</datafield>
		<datafield tag="912" ind1=" " ind2=" ">
			<subfield code="a">GBV-deGruyter-PDA2HUM</subfield>
		</datafield>
		<datafield tag="912" ind1=" " ind2=" ">
			<subfield code="a">GBV-deGruyter-PDA5EBK</subfield>
		</datafield>
		<datafield tag="912" ind1=" " ind2=" ">
			<subfield code="a">ZDB-23-DEG</subfield>
			<subfield code="b">2018</subfield>
		</datafield>
		<datafield tag="912" ind1=" " ind2=" ">
			<subfield code="a">ZDB-23-DGG</subfield>
			<subfield code="b">2018</subfield>
		</datafield>
	</record>