
	<record xmlns="http://www.loc.gov/MARC21/slim">
		<leader>04652nam a22005535i 4500</leader>
		<controlfield tag="001">9783110556650</controlfield>
		<controlfield tag="003">DE-B1597</controlfield>
		<controlfield tag="005">20180327123002.0</controlfield>
		<controlfield tag="006">m|||||o||d||||||||</controlfield>
		<controlfield tag="007">cr || ||||||||</controlfield>
		<controlfield tag="008">180327s2018    gw     fo  d z      grc d</controlfield>
		<datafield tag="020" ind1=" " ind2=" ">
			<subfield code="a">9783110556650</subfield>
		</datafield>
		<datafield tag="024" ind1="7" ind2=" ">
			<subfield code="a">10.1515/9783110556650</subfield>
			<subfield code="2">doi</subfield>
		</datafield>
		<datafield tag="035" ind1=" " ind2=" ">
			<subfield code="a">(DE-B1597)483625</subfield>
		</datafield>
		<datafield tag="040" ind1=" " ind2=" ">
			<subfield code="a">DE-B1597</subfield>
			<subfield code="b">eng</subfield>
			<subfield code="c">DE-B1597</subfield>
			<subfield code="e">rda</subfield>
		</datafield>
		<datafield tag="041" ind1="0" ind2=" ">
			<subfield code="a">grc</subfield>
		</datafield>
		<datafield tag="044" ind1=" " ind2=" ">
			<subfield code="a">gw</subfield>
			<subfield code="c">DE</subfield>
		</datafield>
		<datafield tag="072" ind1=" " ind2="7">
			<subfield code="a">REL015000</subfield>
			<subfield code="2">bisacsh</subfield>
		</datafield>
		<datafield tag="100" ind1="1" ind2=" ">
			<subfield code="a">Johannes von Damaskos,</subfield>
			<subfield code="e">author.</subfield>
		</datafield>
		<datafield tag="245" ind1="1" ind2="4">
			<subfield code="a">Die Schriften. </subfield>
			<subfield code="p">Liber II (De rerum humanarum natura et statu) ; Erste Rezension/Erster Halbband /</subfield>
			<subfield code="c">Tobias Thum.</subfield>
		</datafield>
		<datafield tag="264" ind1=" " ind2="1">
			<subfield code="a">Berlin ;Boston : </subfield>
			<subfield code="b">De Gruyter, </subfield>
			<subfield code="c">[2018]</subfield>
		</datafield>
		<datafield tag="264" ind1=" " ind2="4">
			<subfield code="c">©2018</subfield>
		</datafield>
		<datafield tag="300" ind1=" " ind2=" ">
			<subfield code="a">1 online resource (729 p.)</subfield>
		</datafield>
		<datafield tag="336" ind1=" " ind2=" ">
			<subfield code="a">text</subfield>
			<subfield code="b">txt</subfield>
			<subfield code="2">rdacontent</subfield>
		</datafield>
		<datafield tag="337" ind1=" " ind2=" ">
			<subfield code="a">computer</subfield>
			<subfield code="b">c</subfield>
			<subfield code="2">rdamedia</subfield>
		</datafield>
		<datafield tag="338" ind1=" " ind2=" ">
			<subfield code="a">online resource</subfield>
			<subfield code="b">cr</subfield>
			<subfield code="2">rdacarrier</subfield>
		</datafield>
		<datafield tag="347" ind1=" " ind2=" ">
			<subfield code="a">text file</subfield>
			<subfield code="b">PDF</subfield>
			<subfield code="2">rda</subfield>
		</datafield>
		<datafield tag="490" ind1="0" ind2=" ">
			<subfield code="a">Patristische Texte und Studien ;</subfield>
			<subfield code="v">74</subfield>
		</datafield>
		<datafield tag="505" ind1="0" ind2="0">
			<subfield code="t">Frontmatter -- </subfield>
			<subfield code="t">Vorwort / </subfield>
			<subfield code="r">Thum, Tobias -- </subfield>
			<subfield code="t">Inhaltsverzeichnis -- </subfield>
			<subfield code="t">Abkürzungsverzeichnis -- </subfield>
			<subfield code="t">Liste abgekürzt zitierter Literatur -- </subfield>
			<subfield code="t">Die Sacra: Das Werk und die Edition -- </subfield>
			<subfield code="t">Einleitung in Sacra II -- </subfield>
			<subfield code="t">I. Die Florilegien und ihre Handschriften -- </subfield>
			<subfield code="t">1. Das Florilegium K -- </subfield>
			<subfield code="t">2. Das Florilegium Vaticanum -- </subfield>
			<subfield code="t">3. Das Florilegium Hierosolymitanum (Buch I) -- </subfield>
			<subfield code="t">4. Das Florilegium PML -- </subfield>
			<subfield code="t">5. Das Florilegium La (Florenz, Biblioteca Medicea Laurenziana, plut. VIII. 22, f. 1r–45v) -- </subfield>
			<subfield code="t">6. Das Florilegium Mutinense -- </subfield>
			<subfield code="t">7. Das Florilegium Lc (Florenz, Biblioteca Medicea Laurenziana, plut. VIII. 22, f. 74r–189v) als Zeuge des Florilegium PML -- </subfield>
			<subfield code="t">8. Das Florilegium Thessalonicense als Zeuge des Florilegium PML -- </subfield>
			<subfield code="t">9. Das Florilegium Hierosolymitanum (Buch III) als Zeuge des Florilegium PML -- </subfield>
			<subfield code="t">10. Das Florilegium Rupefucaldinum als Zeuge des Florilegium PML -- </subfield>
			<subfield code="t">II. Die Überlieferung von Sacra II -- </subfield>
			<subfield code="t">1. Das Verhältnis der einzelnen Rezensionen -- </subfield>
			<subfield code="t">2. Stemma der Rezensionen von Sacra II -- </subfield>
			<subfield code="t">III. Der Text von Sacra II -- </subfield>
			<subfield code="t">1. Der Text des Florilegium K und des Florilegium Vaticanum -- </subfield>
			<subfield code="t">2. Der Text des Florilegium Vaticanum -- </subfield>
			<subfield code="t">Ratio edendi -- </subfield>
			<subfield code="t">Sigel der Textzeugen -- </subfield>
			<subfield code="t">Abkürzungen in den Apparaten -- </subfield>
			<subfield code="t">Editionstext Sacra II -- </subfield>
			<subfield code="t">Pinax Α – Ω -- </subfield>
			<subfield code="t">Στοιχεῖον Α -- </subfield>
			<subfield code="t">Στοιχεῖον Β -- </subfield>
			<subfield code="t">Στοιχεῖον Γ -- </subfield>
			<subfield code="t">Στοιχεῖον Δ -- </subfield>
			<subfield code="t">Στοιχεῖον Ε</subfield>
		</datafield>
		<datafield tag="520" ind1=" " ind2=" ">
			<subfield code="a">Die Forschungen von K. Holl (1896 und 1899) und M. Richard (1962 und 1976) haben gezeigt, dass die von M. Lequien 1712 (PG 95–96) publizierten Sacra Parallela nur Auszüge eines sehr viel umfangreicheren, in drei Bücher unterteilten Florilegs sind, das in seiner ursprünglichen Form verloren ist, aber mit Hilfe der aus ihm überlieferten sogenannten "damaszenischen" Florilegien rekonstruiert werden kann. Spätestens seit dem 10. Jh. wurden die Sacra Johannes von Damaskus zugeschrieben, wohl zu Unrecht, da gute Gründe für eine Datierung des Werkes in das erste Viertel des 7. Jh.s sprechen. Das zweite Buch, das dem Menschen gewidmet ist, ist in zwei Rezensionen überliefert, deren große Unterschiede eine separate Edition erfordern. Die Bände VIII / 4 und 5 bieten die erste vollständige Edition der ersten Rezension auf der Grundlage des Vat. gr. 1553, einer Handschrift, die diese Rezension als einzige in annähernd reiner Form überliefert; für die Textkonstitution wurden ferner die in den weiteren "damaszenischen" Florilegien enthaltenen Texte der ersten Rezension berücksichtigt. Im Vat. gr. 1553 sind 2293 Texte überliefert, die dem Alten und Neuen Testament, den Kirchenvätern, Philon von Alexandria und Flavius Josephus entnommen sind. </subfield>
		</datafield>
		<datafield tag="538" ind1=" " ind2=" ">
			<subfield code="a">Mode of access: Internet via World Wide Web.</subfield>
		</datafield>
		<datafield tag="546" ind1=" " ind2=" ">
			<subfield code="a">In Greek, Ancient (to 1453).</subfield>
		</datafield>
		<datafield tag="588" ind1="0" ind2=" ">
			<subfield code="a">Description based on online resource; title from PDF title page (publisher's Web site, viewed 27. Mrz 2018)</subfield>
		</datafield>
		<datafield tag="700" ind1="1" ind2=" ">
			<subfield code="a">Thum, Tobias, </subfield>
			<subfield code="e">editor.</subfield>
		</datafield>
		<datafield tag="773" ind1="0" ind2="8">
			<subfield code="i">Title is part of eBook package:</subfield>
			<subfield code="d">De Gruyter</subfield>
			<subfield code="t">EBOOK PACKAGE COMPLETE 2018</subfield>
			<subfield code="z">9783110603255</subfield>
			<subfield code="o">ZDB-23-DGG</subfield>
		</datafield>
		<datafield tag="773" ind1="0" ind2="8">
			<subfield code="i">Title is part of eBook package:</subfield>
			<subfield code="d">De Gruyter</subfield>
			<subfield code="t">EBOOK PACKAGE Theology, Relig. Studies, Jewish Studies 2018</subfield>
			<subfield code="z">9783110603248</subfield>
			<subfield code="o">ZDB-23-DGF</subfield>
		</datafield>
		<datafield tag="776" ind1="0" ind2=" ">
			<subfield code="c">print</subfield>
			<subfield code="z">9783110555783</subfield>
		</datafield>
		<datafield tag="856" ind1="4" ind2="0">
			<subfield code="u">https://doi.org/10.1515/9783110556650</subfield>
		</datafield>
		<datafield tag="856" ind1="4" ind2="2">
			<subfield code="3">Cover</subfield>
			<subfield code="u">https://www.degruyter.com/doc/cover/9783110556650.jpg</subfield>
		</datafield>
		<datafield tag="912" ind1=" " ind2=" ">
			<subfield code="a">GBV-deGruyter-alles</subfield>
		</datafield>
		<datafield tag="912" ind1=" " ind2=" ">
			<subfield code="a">GBV-deGruyter-PDA11SSHE</subfield>
		</datafield>
		<datafield tag="912" ind1=" " ind2=" ">
			<subfield code="a">GBV-deGruyter-PDA14ALL</subfield>
		</datafield>
		<datafield tag="912" ind1=" " ind2=" ">
			<subfield code="a">GBV-deGruyter-PDA16SSH</subfield>
		</datafield>
		<datafield tag="912" ind1=" " ind2=" ">
			<subfield code="a">GBV-deGruyter-PDA1ALL</subfield>
		</datafield>
		<datafield tag="912" ind1=" " ind2=" ">
			<subfield code="a">GBV-deGruyter-PDA2</subfield>
		</datafield>
		<datafield tag="912" ind1=" " ind2=" ">
			<subfield code="a">GBV-deGruyter-PDA2HUM</subfield>
		</datafield>
		<datafield tag="912" ind1=" " ind2=" ">
			<subfield code="a">GBV-deGruyter-PDA5EBK</subfield>
		</datafield>
		<datafield tag="912" ind1=" " ind2=" ">
			<subfield code="a">ZDB-23-DGF</subfield>
			<subfield code="b">2018</subfield>
		</datafield>
		<datafield tag="912" ind1=" " ind2=" ">
			<subfield code="a">ZDB-23-DGG</subfield>
			<subfield code="b">2018</subfield>
		</datafield>
	</record>