
	<record xmlns="http://www.loc.gov/MARC21/slim">
		<leader>05067nam a22006855i 4500</leader>
		<controlfield tag="001">9783110560336</controlfield>
		<controlfield tag="003">DE-B1597</controlfield>
		<controlfield tag="005">20180327123002.0</controlfield>
		<controlfield tag="006">m|||||o||d||||||||</controlfield>
		<controlfield tag="007">cr || ||||||||</controlfield>
		<controlfield tag="008">180327s2018    gw     fo  d z      ger d</controlfield>
		<datafield tag="020" ind1=" " ind2=" ">
			<subfield code="a">9783110560336</subfield>
		</datafield>
		<datafield tag="024" ind1="7" ind2=" ">
			<subfield code="a">10.1515/9783110560336</subfield>
			<subfield code="2">doi</subfield>
		</datafield>
		<datafield tag="035" ind1=" " ind2=" ">
			<subfield code="a">(DE-B1597)487455</subfield>
		</datafield>
		<datafield tag="040" ind1=" " ind2=" ">
			<subfield code="a">DE-B1597</subfield>
			<subfield code="b">eng</subfield>
			<subfield code="c">DE-B1597</subfield>
			<subfield code="e">rda</subfield>
		</datafield>
		<datafield tag="041" ind1="0" ind2=" ">
			<subfield code="a">ger</subfield>
		</datafield>
		<datafield tag="044" ind1=" " ind2=" ">
			<subfield code="a">gw</subfield>
			<subfield code="c">DE</subfield>
		</datafield>
		<datafield tag="072" ind1=" " ind2="7">
			<subfield code="a">LAW000000</subfield>
			<subfield code="2">bisacsh</subfield>
		</datafield>
		<datafield tag="072" ind1=" " ind2="7">
			<subfield code="a">PHI005000</subfield>
			<subfield code="2">bisacsh</subfield>
		</datafield>
		<datafield tag="072" ind1=" " ind2="7">
			<subfield code="a">PHI016000</subfield>
			<subfield code="2">bisacsh</subfield>
		</datafield>
		<datafield tag="072" ind1=" " ind2="7">
			<subfield code="a">PHI019000</subfield>
			<subfield code="2">bisacsh</subfield>
		</datafield>
		<datafield tag="072" ind1=" " ind2="7">
			<subfield code="a">POL000000</subfield>
			<subfield code="2">bisacsh</subfield>
		</datafield>
		<datafield tag="072" ind1=" " ind2="7">
			<subfield code="a">POL010000</subfield>
			<subfield code="2">bisacsh</subfield>
		</datafield>
		<datafield tag="245" ind1="0" ind2="0">
			<subfield code="a">Thomas Hobbes: De cive /</subfield>
			<subfield code="c">Otfried Höffe.</subfield>
		</datafield>
		<datafield tag="264" ind1=" " ind2="1">
			<subfield code="a">Berlin ;Boston : </subfield>
			<subfield code="b">De Gruyter, </subfield>
			<subfield code="c">[2018]</subfield>
		</datafield>
		<datafield tag="264" ind1=" " ind2="4">
			<subfield code="c">©2018</subfield>
		</datafield>
		<datafield tag="300" ind1=" " ind2=" ">
			<subfield code="a">1 online resource (259 p.)</subfield>
		</datafield>
		<datafield tag="336" ind1=" " ind2=" ">
			<subfield code="a">text</subfield>
			<subfield code="b">txt</subfield>
			<subfield code="2">rdacontent</subfield>
		</datafield>
		<datafield tag="337" ind1=" " ind2=" ">
			<subfield code="a">computer</subfield>
			<subfield code="b">c</subfield>
			<subfield code="2">rdamedia</subfield>
		</datafield>
		<datafield tag="338" ind1=" " ind2=" ">
			<subfield code="a">online resource</subfield>
			<subfield code="b">cr</subfield>
			<subfield code="2">rdacarrier</subfield>
		</datafield>
		<datafield tag="347" ind1=" " ind2=" ">
			<subfield code="a">text file</subfield>
			<subfield code="b">PDF</subfield>
			<subfield code="2">rda</subfield>
		</datafield>
		<datafield tag="490" ind1="0" ind2=" ">
			<subfield code="a">Klassiker Auslegen ;</subfield>
			<subfield code="v">68</subfield>
		</datafield>
		<datafield tag="505" ind1="0" ind2="0">
			<subfield code="t">Frontmatter -- </subfield>
			<subfield code="t">Inhalt -- </subfield>
			<subfield code="t">Zitierweise und Abkürzungen -- </subfield>
			<subfield code="t">Vorwort / </subfield>
			<subfield code="r">Höffe, Otfried -- </subfield>
			<subfield code="t">1. Einführung / </subfield>
			<subfield code="r">Höffe, Otfried -- </subfield>
			<subfield code="t">2. Titel und Titelkupfer, Widmungsschreiben und „Vorrede an die Leser“: Der Auftakt zu einer politischen Philosophie more geometrico? / </subfield>
			<subfield code="r">Waas, Lothar R. -- </subfield>
			<subfield code="t">3. Naturzustand (Kapitel 1) / </subfield>
			<subfield code="r">Höffe, Otfried -- </subfield>
			<subfield code="t">4. Suche Frieden und schließe einen Vertrag! Das grundlegende und das erste abgeleitete natürliche Gesetz in De cive (Kapitel 2) / </subfield>
			<subfield code="r">Klemme, Heiner F. -- </subfield>
			<subfield code="t">5. Von den übrigen natürlichen Gesetzen und ihrer Vereinbarkeit mit der christlichen Lehre (Kapitel 3 und 4) / </subfield>
			<subfield code="r">Brantl, Dirk -- </subfield>
			<subfield code="t">6. Von der Natur des Menschen bis zur Begründung des Staates (Kapitel 5 und 6) / </subfield>
			<subfield code="r">Adler, Jeremy -- </subfield>
			<subfield code="t">7. Vertrag, Versprechen, Vertrauen. Über die verschiedenen Quellen und Arten des Herrschaftsrechts über Personen (Kapitel 7 und 8) / </subfield>
			<subfield code="r">Özmen, Eli -- </subfield>
			<subfield code="t">8. Elternrecht und Herrschaftsrecht (Kapitel 9 und 10) / </subfield>
			<subfield code="r">Hespe, Franz -- </subfield>
			<subfield code="t">9. Hobbes’s Absolutist State (chapter 11, 12 and 13) / </subfield>
			<subfield code="r">Springborg, Patricia -- </subfield>
			<subfield code="t">10. Die Macht der Gesetze und die Notwendigkeit von Strafen (Kapitel 14) / </subfield>
			<subfield code="r">Hildt, Moritz -- </subfield>
			<subfield code="t">11. Hobbes on Obedience to God and Man (chapter 15) / </subfield>
			<subfield code="r">Sorell, Tom -- </subfield>
			<subfield code="t">12. Die politisch-theologische Neutralisierung des Christentums (Kapitel 16 und 17) / </subfield>
			<subfield code="r">Schotte, Dietrich -- </subfield>
			<subfield code="t">13. Glaube und Gehorsam (Kapitel 18) / </subfield>
			<subfield code="r">Schröder, Peter -- </subfield>
			<subfield code="t">14. Theorie und Praxis des Kirchenregiments in England seit der Reformation: Der Kontext des Erastianismus bei Thomas Hobbes / </subfield>
			<subfield code="r">Asch, Ronald G. -- </subfield>
			<subfield code="t">15. Ausblick: Vertragstheorie und ihre Kritik / </subfield>
			<subfield code="r">Höffe, Otfried -- </subfield>
			<subfield code="t">Auswahlbibliographie -- </subfield>
			<subfield code="t">Personenregister -- </subfield>
			<subfield code="t">Sachregister -- </subfield>
			<subfield code="t">Hinweise zu den Autoren</subfield>
		</datafield>
		<datafield tag="520" ind1=" " ind2=" ">
			<subfield code="a">Thomas Hobbes’ Lebensaufgabe besteht in einer wissenschaftlichen Staatsphilosophie. Dabei stellt er sich den drei Herausforderungen seiner Epoche: methodisch dem Beweisideal der Mathematik, politisch der blutigen Wirklichkeit der Kriege und Bürgerkriege und moralisch dem Schwinden gemeinsamer Überzeugungen. Weil er sich allen drei Herausforderungen stellt, zugleich sie miteinander verbindet, schafft er das die Tradition stürzende Argumentationsmuster der politischen Moderne, die Vertragstheorie. Mit ihr bringt er eine der größten Staatsphilosophien der abendländischen Geistesgeschichte hervor. In De cive / Vom Bürger (1642), das noch vor dem Leviathan (1651) entstand, finden sich bereits zahlreiche von Hobbes’ zentralen Gedanken zur politischen Philosophie. Diese Schrift wird hier durchgängig von international renommierten Autoren kommentiert. Mit Beiträgen von Jeremy Adler, Ronald Asch, Dirk Brantl, Franz Hespe, Moritz Hildt, Otfried Höffe, Heiner Klemme, Elif Özmen, Dietrich Schotte, Peter Schröder, Patricia Springborg, Tom Sorell und Lothar Waas. </subfield>
		</datafield>
		<datafield tag="538" ind1=" " ind2=" ">
			<subfield code="a">Mode of access: Internet via World Wide Web.</subfield>
		</datafield>
		<datafield tag="546" ind1=" " ind2=" ">
			<subfield code="a">In German.</subfield>
		</datafield>
		<datafield tag="588" ind1="0" ind2=" ">
			<subfield code="a">Description based on online resource; title from PDF title page (publisher's Web site, viewed 27. Mrz 2018)</subfield>
		</datafield>
		<datafield tag="650" ind1=" " ind2="4">
			<subfield code="a">Gesellschaftsvertrag.</subfield>
		</datafield>
		<datafield tag="650" ind1=" " ind2="4">
			<subfield code="a">Hobbes, Thomas.</subfield>
		</datafield>
		<datafield tag="650" ind1=" " ind2="4">
			<subfield code="a">political philosophy.</subfield>
		</datafield>
		<datafield tag="650" ind1=" " ind2="4">
			<subfield code="a">Politische Philosophie.</subfield>
		</datafield>
		<datafield tag="650" ind1=" " ind2="4">
			<subfield code="a">social contract.</subfield>
		</datafield>
		<datafield tag="650" ind1=" " ind2="4">
			<subfield code="a">Thomas Hobbes.</subfield>
		</datafield>
		<datafield tag="700" ind1="1" ind2=" ">
			<subfield code="a">Höffe, Otfried, </subfield>
			<subfield code="e">editor.</subfield>
		</datafield>
		<datafield tag="773" ind1="0" ind2="8">
			<subfield code="i">Title is part of eBook package:</subfield>
			<subfield code="d">De Gruyter</subfield>
			<subfield code="t">EBOOK PACKAGE COMPLETE 2018</subfield>
			<subfield code="z">9783110603255</subfield>
			<subfield code="o">ZDB-23-DGG</subfield>
		</datafield>
		<datafield tag="773" ind1="0" ind2="8">
			<subfield code="i">Title is part of eBook package:</subfield>
			<subfield code="d">De Gruyter</subfield>
			<subfield code="t">EBOOK PACKAGE Philosophy 2018</subfield>
			<subfield code="z">9783110603217</subfield>
			<subfield code="o">ZDB-23-DPH</subfield>
		</datafield>
		<datafield tag="776" ind1="0" ind2=" ">
			<subfield code="c">EPUB</subfield>
			<subfield code="z">978-3-11-056036-7</subfield>
		</datafield>
		<datafield tag="776" ind1="0" ind2=" ">
			<subfield code="c">print</subfield>
			<subfield code="z">9783110560237</subfield>
		</datafield>
		<datafield tag="856" ind1="4" ind2="0">
			<subfield code="u">https://doi.org/10.1515/9783110560336</subfield>
		</datafield>
		<datafield tag="856" ind1="4" ind2="2">
			<subfield code="3">Cover</subfield>
			<subfield code="u">https://www.degruyter.com/doc/cover/9783110560336.jpg</subfield>
		</datafield>
		<datafield tag="912" ind1=" " ind2=" ">
			<subfield code="a">GBV-deGruyter-alles</subfield>
		</datafield>
		<datafield tag="912" ind1=" " ind2=" ">
			<subfield code="a">GBV-deGruyter-PDA11SSHE</subfield>
		</datafield>
		<datafield tag="912" ind1=" " ind2=" ">
			<subfield code="a">GBV-deGruyter-PDA14ALL</subfield>
		</datafield>
		<datafield tag="912" ind1=" " ind2=" ">
			<subfield code="a">GBV-deGruyter-PDA16SSH</subfield>
		</datafield>
		<datafield tag="912" ind1=" " ind2=" ">
			<subfield code="a">GBV-deGruyter-PDA1ALL</subfield>
		</datafield>
		<datafield tag="912" ind1=" " ind2=" ">
			<subfield code="a">GBV-deGruyter-PDA2</subfield>
		</datafield>
		<datafield tag="912" ind1=" " ind2=" ">
			<subfield code="a">GBV-deGruyter-PDA2HUM</subfield>
		</datafield>
		<datafield tag="912" ind1=" " ind2=" ">
			<subfield code="a">GBV-deGruyter-PDA5EBK</subfield>
		</datafield>
		<datafield tag="912" ind1=" " ind2=" ">
			<subfield code="a">ZDB-23-DGG</subfield>
			<subfield code="b">2018</subfield>
		</datafield>
		<datafield tag="912" ind1=" " ind2=" ">
			<subfield code="a">ZDB-23-DPH</subfield>
			<subfield code="b">2018</subfield>
		</datafield>
	</record>