
	<record xmlns="http://www.loc.gov/MARC21/slim">
		<leader>05169nam a22007815i 4500</leader>
		<controlfield tag="001">9783110567502</controlfield>
		<controlfield tag="003">DE-B1597</controlfield>
		<controlfield tag="005">20180327123002.0</controlfield>
		<controlfield tag="006">m|||||o||d||||||||</controlfield>
		<controlfield tag="007">cr || ||||||||</controlfield>
		<controlfield tag="008">180327s2018    gw     fo  d z      eng d</controlfield>
		<datafield tag="020" ind1=" " ind2=" ">
			<subfield code="a">9783110567502</subfield>
		</datafield>
		<datafield tag="024" ind1="7" ind2=" ">
			<subfield code="a">10.1515/9783110567502</subfield>
			<subfield code="2">doi</subfield>
		</datafield>
		<datafield tag="035" ind1=" " ind2=" ">
			<subfield code="a">(DE-B1597)488065</subfield>
		</datafield>
		<datafield tag="040" ind1=" " ind2=" ">
			<subfield code="a">DE-B1597</subfield>
			<subfield code="b">eng</subfield>
			<subfield code="c">DE-B1597</subfield>
			<subfield code="e">rda</subfield>
		</datafield>
		<datafield tag="041" ind1="0" ind2=" ">
			<subfield code="a">eng</subfield>
		</datafield>
		<datafield tag="044" ind1=" " ind2=" ">
			<subfield code="a">gw</subfield>
			<subfield code="c">DE</subfield>
		</datafield>
		<datafield tag="050" ind1="1" ind2="0">
			<subfield code="a">P223</subfield>
		</datafield>
		<datafield tag="072" ind1=" " ind2="7">
			<subfield code="a">LAN009000</subfield>
			<subfield code="2">bisacsh</subfield>
		</datafield>
		<datafield tag="072" ind1=" " ind2="7">
			<subfield code="a">LAN011000</subfield>
			<subfield code="2">bisacsh</subfield>
		</datafield>
		<datafield tag="082" ind1="0" ind2="0">
			<subfield code="a">414/.6</subfield>
			<subfield code="2">23</subfield>
		</datafield>
		<datafield tag="245" ind1="0" ind2="0">
			<subfield code="a">Tonal Change and Neutralization /</subfield>
			<subfield code="c">Haruo Kubozono, Mikio Giriko.</subfield>
		</datafield>
		<datafield tag="264" ind1=" " ind2="1">
			<subfield code="a">Berlin ;Boston : </subfield>
			<subfield code="b">De Gruyter Mouton, </subfield>
			<subfield code="c">[2018]</subfield>
		</datafield>
		<datafield tag="264" ind1=" " ind2="4">
			<subfield code="c">©2018</subfield>
		</datafield>
		<datafield tag="300" ind1=" " ind2=" ">
			<subfield code="a">1 online resource (390 p.)</subfield>
		</datafield>
		<datafield tag="336" ind1=" " ind2=" ">
			<subfield code="a">text</subfield>
			<subfield code="b">txt</subfield>
			<subfield code="2">rdacontent</subfield>
		</datafield>
		<datafield tag="337" ind1=" " ind2=" ">
			<subfield code="a">computer</subfield>
			<subfield code="b">c</subfield>
			<subfield code="2">rdamedia</subfield>
		</datafield>
		<datafield tag="338" ind1=" " ind2=" ">
			<subfield code="a">online resource</subfield>
			<subfield code="b">cr</subfield>
			<subfield code="2">rdacarrier</subfield>
		</datafield>
		<datafield tag="347" ind1=" " ind2=" ">
			<subfield code="a">text file</subfield>
			<subfield code="b">PDF</subfield>
			<subfield code="2">rda</subfield>
		</datafield>
		<datafield tag="490" ind1="0" ind2=" ">
			<subfield code="a">Phonology and Phonetics [PP] ;</subfield>
			<subfield code="v">27</subfield>
		</datafield>
		<datafield tag="505" ind1="0" ind2="0">
			<subfield code="t">Frontmatter -- </subfield>
			<subfield code="t">Contents -- </subfield>
			<subfield code="t">Preface / </subfield>
			<subfield code="r">Kubozono, Haruo / Giriko, Mikio -- </subfield>
			<subfield code="t">Introduction / </subfield>
			<subfield code="r">Kubozono, Haruo / Giriko, Mikio -- </subfield>
			<subfield code="t">Part I: Tonal Neutralization -- </subfield>
			<subfield code="t">Towards a Typology of Postlexical Tonal Neutralizations / </subfield>
			<subfield code="r">Hyman, Larry M. -- </subfield>
			<subfield code="t">Postlexical Tonal Neutralizations in Kagoshima Japanese / </subfield>
			<subfield code="r">Kubozono, Haruo -- </subfield>
			<subfield code="t">Tonal Neutralization and Lexical Category in Nagasaki Japanese / </subfield>
			<subfield code="r">Matsuura, Toshio -- </subfield>
			<subfield code="t">Tonal Neutralization in the Ikema Dialect of Miyako Ryukyuan / </subfield>
			<subfield code="r">Igarashi, Yosuke / Takubo, Yukinori / Hayashi, Yuka / Kubo, Tomoyuki -- </subfield>
			<subfield code="t">Accentual Neutralization in Japanese Dialects / </subfield>
			<subfield code="r">Uwano, Zendo -- </subfield>
			<subfield code="t">Chinese Tonal Neutralization across Dialects: From Typological, Geographical, and Diachronic Perspectives / </subfield>
			<subfield code="r">Iwata, Ray -- </subfield>
			<subfield code="t">Part II: Tonal Change -- </subfield>
			<subfield code="t">Towards a Typology of Tone System Changes / </subfield>
			<subfield code="r">Hyman, Larry M. -- </subfield>
			<subfield code="t">Common Tone Sandhi Processes across Sino-Tibetan Languages / </subfield>
			<subfield code="r">Evans, Jonathan P. -- </subfield>
			<subfield code="t">Phonetic and Systemic Biases in Tonal Contour Changes in Bangkok Thai / </subfield>
			<subfield code="r">Pittayaporn, Pittayawat -- </subfield>
			<subfield code="t">Bilingualism and Accent Changes in Kagoshima Japanese / </subfield>
			<subfield code="r">Kubozono, Haruo -- </subfield>
			<subfield code="t">From Nyoro to Tooro: Historical and Phonetic Accounts of Tone Merger / </subfield>
			<subfield code="r">Kaji, Shigeki -- </subfield>
			<subfield code="t">In Defense of a Dialect-contact Scenario of the Central Franconian Tonogenesis / </subfield>
			<subfield code="r">Gussenhoven, Carlos -- </subfield>
			<subfield code="t">Index</subfield>
		</datafield>
		<datafield tag="520" ind1=" " ind2=" ">
			<subfield code="a">No book has ever been published on tonal change and neutralization, two closely related topics in tonal phonology. This will be the first book to be devoted to both.The articles collected in this volume analyze a wide range of data concerning tonal change and neutralization, including post-lexical neutralization which represents a new topic in prosodic research. The volume as a whole covers a wide range of tone and pitch-accent languages in Asia, Africa and Europe, with a main focus on Asian languages/dialects many of which are endangered now. In addition to presenting novel data and analyses about individual languages, it provides typological perspectives on tonal change and neutralization.This volume will serve as an indispensable source of data and analyses for a wide range of linguists interested in phonetics, phonology, prosody, historical linguistics, language typology, endangered languages, Japanese linguistics, and Chinese linguistics.</subfield>
		</datafield>
		<datafield tag="538" ind1=" " ind2=" ">
			<subfield code="a">Mode of access: Internet via World Wide Web.</subfield>
		</datafield>
		<datafield tag="546" ind1=" " ind2=" ">
			<subfield code="a">In English.</subfield>
		</datafield>
		<datafield tag="588" ind1="0" ind2=" ">
			<subfield code="a">Description based on online resource; title from PDF title page (publisher's Web site, viewed 27. Mrz 2018)</subfield>
		</datafield>
		<datafield tag="650" ind1=" " ind2="0">
			<subfield code="a">Chinese language</subfield>
			<subfield code="x">Dialects</subfield>
			<subfield code="x">Phonetics.</subfield>
		</datafield>
		<datafield tag="650" ind1=" " ind2="0">
			<subfield code="a">Intonation (Phonetics)</subfield>
		</datafield>
		<datafield tag="650" ind1=" " ind2="0">
			<subfield code="a">Japanese language</subfield>
			<subfield code="x">Dialects</subfield>
			<subfield code="x">Phonetics.</subfield>
		</datafield>
		<datafield tag="650" ind1=" " ind2="0">
			<subfield code="a">Tone (Phonetics)</subfield>
		</datafield>
		<datafield tag="650" ind1=" " ind2="4">
			<subfield code="a">Accent.</subfield>
		</datafield>
		<datafield tag="650" ind1=" " ind2="4">
			<subfield code="a">Tonal Change.</subfield>
		</datafield>
		<datafield tag="650" ind1=" " ind2="4">
			<subfield code="a">Tonal Neutralization.</subfield>
		</datafield>
		<datafield tag="650" ind1=" " ind2="4">
			<subfield code="a">Tone.</subfield>
		</datafield>
		<datafield tag="700" ind1="1" ind2=" ">
			<subfield code="a">Giriko, Mikio, </subfield>
			<subfield code="e">editor.</subfield>
		</datafield>
		<datafield tag="700" ind1="1" ind2=" ">
			<subfield code="a">Kubozono, Haruo, </subfield>
			<subfield code="e">editor.</subfield>
		</datafield>
		<datafield tag="773" ind1="0" ind2="8">
			<subfield code="i">Title is part of eBook package:</subfield>
			<subfield code="d">De Gruyter</subfield>
			<subfield code="t">EBOOK PACKAGE COMPLETE 2018 English</subfield>
			<subfield code="z">9783110604252</subfield>
		</datafield>
		<datafield tag="773" ind1="0" ind2="8">
			<subfield code="i">Title is part of eBook package:</subfield>
			<subfield code="d">De Gruyter</subfield>
			<subfield code="t">EBOOK PACKAGE COMPLETE 2018</subfield>
			<subfield code="z">9783110603255</subfield>
			<subfield code="o">ZDB-23-DGG</subfield>
		</datafield>
		<datafield tag="773" ind1="0" ind2="8">
			<subfield code="i">Title is part of eBook package:</subfield>
			<subfield code="d">De Gruyter</subfield>
			<subfield code="t">EBOOK PACKAGE Linguistics 2018 English</subfield>
			<subfield code="z">978-3-11-060407-8</subfield>
		</datafield>
		<datafield tag="773" ind1="0" ind2="8">
			<subfield code="i">Title is part of eBook package:</subfield>
			<subfield code="d">De Gruyter</subfield>
			<subfield code="t">EBOOK PACKAGE Linguistics 2018</subfield>
			<subfield code="z">9783110603170</subfield>
			<subfield code="o">ZDB-23-DSP</subfield>
		</datafield>
		<datafield tag="776" ind1="0" ind2=" ">
			<subfield code="c">EPUB</subfield>
			<subfield code="z">978-3-11-056506-5</subfield>
		</datafield>
		<datafield tag="776" ind1="0" ind2=" ">
			<subfield code="c">print</subfield>
			<subfield code="z">9783110564600</subfield>
		</datafield>
		<datafield tag="856" ind1="4" ind2="0">
			<subfield code="u">https://doi.org/10.1515/9783110567502</subfield>
		</datafield>
		<datafield tag="856" ind1="4" ind2="2">
			<subfield code="3">Cover</subfield>
			<subfield code="u">https://www.degruyter.com/doc/cover/9783110567502.jpg</subfield>
		</datafield>
		<datafield tag="912" ind1=" " ind2=" ">
			<subfield code="a">978-3-11-060407-8  EBOOK PACKAGE Linguistics 2018 English</subfield>
			<subfield code="b">2018</subfield>
		</datafield>
		<datafield tag="912" ind1=" " ind2=" ">
			<subfield code="a">978-3-11-060425-2  EBOOK PACKAGE COMPLETE 2018 English</subfield>
			<subfield code="b">2018</subfield>
		</datafield>
		<datafield tag="912" ind1=" " ind2=" ">
			<subfield code="a">GBV-deGruyter-alles</subfield>
		</datafield>
		<datafield tag="912" ind1=" " ind2=" ">
			<subfield code="a">GBV-deGruyter-PDA11SSHE</subfield>
		</datafield>
		<datafield tag="912" ind1=" " ind2=" ">
			<subfield code="a">GBV-deGruyter-PDA13ENGE</subfield>
		</datafield>
		<datafield tag="912" ind1=" " ind2=" ">
			<subfield code="a">GBV-deGruyter-PDA14ALL</subfield>
		</datafield>
		<datafield tag="912" ind1=" " ind2=" ">
			<subfield code="a">GBV-deGruyter-PDA16SSH</subfield>
		</datafield>
		<datafield tag="912" ind1=" " ind2=" ">
			<subfield code="a">GBV-deGruyter-PDA17SSHEE</subfield>
		</datafield>
		<datafield tag="912" ind1=" " ind2=" ">
			<subfield code="a">GBV-deGruyter-PDA1ALL</subfield>
		</datafield>
		<datafield tag="912" ind1=" " ind2=" ">
			<subfield code="a">GBV-deGruyter-PDA2</subfield>
		</datafield>
		<datafield tag="912" ind1=" " ind2=" ">
			<subfield code="a">GBV-deGruyter-PDA2HUM</subfield>
		</datafield>
		<datafield tag="912" ind1=" " ind2=" ">
			<subfield code="a">GBV-deGruyter-PDA5EBK</subfield>
		</datafield>
		<datafield tag="912" ind1=" " ind2=" ">
			<subfield code="a">GBV-deGruyter-PDA7ENG</subfield>
		</datafield>
		<datafield tag="912" ind1=" " ind2=" ">
			<subfield code="a">ZDB-23-DGG</subfield>
			<subfield code="b">2018</subfield>
		</datafield>
		<datafield tag="912" ind1=" " ind2=" ">
			<subfield code="a">ZDB-23-DSP</subfield>
			<subfield code="b">2018</subfield>
		</datafield>
	</record>