
	<record xmlns="http://www.loc.gov/MARC21/slim">
		<leader>06120nam a22007335i 4500</leader>
		<controlfield tag="001">9783110571288</controlfield>
		<controlfield tag="003">DE-B1597</controlfield>
		<controlfield tag="005">20180327123002.0</controlfield>
		<controlfield tag="006">m|||||o||d||||||||</controlfield>
		<controlfield tag="007">cr || ||||||||</controlfield>
		<controlfield tag="008">180327s2018    gw     fo  d z      eng d</controlfield>
		<datafield tag="020" ind1=" " ind2=" ">
			<subfield code="a">9783110571288</subfield>
		</datafield>
		<datafield tag="024" ind1="7" ind2=" ">
			<subfield code="a">10.1515/9783110571288</subfield>
			<subfield code="2">doi</subfield>
		</datafield>
		<datafield tag="035" ind1=" " ind2=" ">
			<subfield code="a">(DE-B1597)488606</subfield>
		</datafield>
		<datafield tag="040" ind1=" " ind2=" ">
			<subfield code="a">DE-B1597</subfield>
			<subfield code="b">eng</subfield>
			<subfield code="c">DE-B1597</subfield>
			<subfield code="e">rda</subfield>
		</datafield>
		<datafield tag="041" ind1="0" ind2=" ">
			<subfield code="a">eng</subfield>
		</datafield>
		<datafield tag="044" ind1=" " ind2=" ">
			<subfield code="a">gw</subfield>
			<subfield code="c">DE</subfield>
		</datafield>
		<datafield tag="072" ind1=" " ind2="7">
			<subfield code="a">LIT004190</subfield>
			<subfield code="2">bisacsh</subfield>
		</datafield>
		<datafield tag="245" ind1="0" ind2="0">
			<subfield code="a">Gaze, Vision, and Visuality in Ancient Greek Literature /</subfield>
			<subfield code="c">Anna Novokhatko, Alexandros Kampakoglou.</subfield>
		</datafield>
		<datafield tag="264" ind1=" " ind2="1">
			<subfield code="a">Berlin ;Boston : </subfield>
			<subfield code="b">De Gruyter, </subfield>
			<subfield code="c">[2018]</subfield>
		</datafield>
		<datafield tag="264" ind1=" " ind2="4">
			<subfield code="c">©2018</subfield>
		</datafield>
		<datafield tag="300" ind1=" " ind2=" ">
			<subfield code="a">1 online resource (535 p.)</subfield>
		</datafield>
		<datafield tag="336" ind1=" " ind2=" ">
			<subfield code="a">text</subfield>
			<subfield code="b">txt</subfield>
			<subfield code="2">rdacontent</subfield>
		</datafield>
		<datafield tag="337" ind1=" " ind2=" ">
			<subfield code="a">computer</subfield>
			<subfield code="b">c</subfield>
			<subfield code="2">rdamedia</subfield>
		</datafield>
		<datafield tag="338" ind1=" " ind2=" ">
			<subfield code="a">online resource</subfield>
			<subfield code="b">cr</subfield>
			<subfield code="2">rdacarrier</subfield>
		</datafield>
		<datafield tag="347" ind1=" " ind2=" ">
			<subfield code="a">text file</subfield>
			<subfield code="b">PDF</subfield>
			<subfield code="2">rda</subfield>
		</datafield>
		<datafield tag="490" ind1="0" ind2=" ">
			<subfield code="a">Trends in Classics - Supplementary Volumes ;</subfield>
			<subfield code="v">54</subfield>
		</datafield>
		<datafield tag="505" ind1="0" ind2="0">
			<subfield code="t">Frontmatter -- </subfield>
			<subfield code="t">Foreword / </subfield>
			<subfield code="r">Kampakoglou, Alexandros / Novokhatko, Anna -- </subfield>
			<subfield code="t">Contents -- </subfield>
			<subfield code="t">List of Images -- </subfield>
			<subfield code="t">Introduction -- </subfield>
			<subfield code="t">Section I: Epic and Lyric Poetry -- </subfield>
			<subfield code="t">War as a spectacle / </subfield>
			<subfield code="r">Létoublon, Françoise -- </subfield>
			<subfield code="t">The Eyes of Odysseus. Gaze, Desire and Control in the Odyssey / </subfield>
			<subfield code="r">Grethlein, Jonas -- </subfield>
			<subfield code="t">Blindness and Blinding in the Homeric Odyssey / </subfield>
			<subfield code="r">Michel, Claudia -- </subfield>
			<subfield code="t">Apollonius Rhodius Argonautica 4 and the epic gaze: There and back again / </subfield>
			<subfield code="r">Lovatt, Helen -- </subfield>
			<subfield code="t">Gazing at heroes in Apollonius’ Argonautica / </subfield>
			<subfield code="r">Kampakoglou, Alexandros -- </subfield>
			<subfield code="t">Gazing at Helen with Stesichorus / </subfield>
			<subfield code="r">Finglass, P. J. -- </subfield>
			<subfield code="t">Section II: Drama -- </subfield>
			<subfield code="t">Seeing the invisible: Interior Spaces and Uncanny Erinyes in Aeschylus’ Oresteia / </subfield>
			<subfield code="r">Bakola, Emmanuela -- </subfield>
			<subfield code="t">Visual Intertextuality in Ancient Greek Drama: Euripides’ Bacchae and the Use of the Art Media / </subfield>
			<subfield code="r">Lamari, Anna -- </subfield>
			<subfield code="t">“You must not stand in one place”: seeing in Sicilian and Old Attic Comedy / </subfield>
			<subfield code="r">Novokhatko, Anna -- </subfield>
			<subfield code="t">Visual and non-visual uses of demonstratives with the deictic ι in Greek Comedy / </subfield>
			<subfield code="r">Orth, Christian -- </subfield>
			<subfield code="t">Section III: Rhetoric, Historiography, and Philosophy -- </subfield>
			<subfield code="t">Reimagining Helen of Troy: Gorgias and Isocrates on Seeing and Being Seen / </subfield>
			<subfield code="r">Haskins, Ekaterina Chugaeva -- </subfield>
			<subfield code="t">Metahistory and the visual in Herodotus and Thucydides / </subfield>
			<subfield code="r">Harman, Rosie -- </subfield>
			<subfield code="t">Dealing with the Invisible – War in Procopius / </subfield>
			<subfield code="r">Maier, Felix K. -- </subfield>
			<subfield code="t">Being or Appearing Virtuous? The Challenges of Leadership in Xenophon’s Cyropaedia / </subfield>
			<subfield code="r">Tamiolaki, Melina -- </subfield>
			<subfield code="t">The Aesthetics of Vision in Plato’s Phaedo and Timaeus / </subfield>
			<subfield code="r">Nightingale, Andrea -- </subfield>
			<subfield code="t">Section IV: Literary Texts meeting other Media -- </subfield>
			<subfield code="t">A Picture of Ecphrasis: The Younger Philostratus and the Homeric Shield of Achilles / </subfield>
			<subfield code="r">Squire, Michael -- </subfield>
			<subfield code="t">Undressing For Artemis: Sensory Approaches to Clothes Dedications in Hellenistic Epigram and in the Cult Of Artemis Brauronia / </subfield>
			<subfield code="r">Petsalis-Diomidis, Alexia -- </subfield>
			<subfield code="t">Viewing and Identification: The Agency of the Viewer in Archaic and Early Classical Greek Visual Culture -- </subfield>
			<subfield code="t">List of Contributors -- </subfield>
			<subfield code="t">Subject Index -- </subfield>
			<subfield code="t">Author Index</subfield>
		</datafield>
		<datafield tag="520" ind1=" " ind2=" ">
			<subfield code="a">Visual culture, performance and spectacle lay at the heart of all aspects of ancient Greek daily routine, such as court and assembly, cult and ritual, and art and culture. Seeing was considered the most secure means of obtaining knowledge, with many citing the etymological connection between ‘seeing’ and ‘knowing’ in ancient Greek as evidence for this. Seeing was also however often associated with mere appearances, false perception and deception. Gazing and visuality in the ancient Greek world have had a central place in the scholarship for some time now, enjoying an abundance of pertinent discussions and bibliography. If this book differs from the previous publications, it is in its emphasis on diverse genres: the concepts ‘gaze’, ‘vision’ and ‘visuality’ are considered across different Greek genres and media. The recipients of ancient Greek literature (both oral and written) were encouraged to perceive the narrated scenes as spectacles and to ‘follow the gaze’ of the characters in the narrative. By setting a broad time span, the evolution of visual culture in Greece is tracked, while also addressing broader topics such as theories of vision, the prominence of visuality in specific time periods, and the position of visuality in a hierarchisation of the senses.</subfield>
		</datafield>
		<datafield tag="538" ind1=" " ind2=" ">
			<subfield code="a">Mode of access: Internet via World Wide Web.</subfield>
		</datafield>
		<datafield tag="546" ind1=" " ind2=" ">
			<subfield code="a">In English.</subfield>
		</datafield>
		<datafield tag="588" ind1="0" ind2=" ">
			<subfield code="a">Description based on online resource; title from PDF title page (publisher's Web site, viewed 27. Mrz 2018)</subfield>
		</datafield>
		<datafield tag="650" ind1=" " ind2="4">
			<subfield code="a">Ancient Greek gaze.</subfield>
		</datafield>
		<datafield tag="650" ind1=" " ind2="4">
			<subfield code="a">performance.</subfield>
		</datafield>
		<datafield tag="650" ind1=" " ind2="4">
			<subfield code="a">Performance.</subfield>
		</datafield>
		<datafield tag="650" ind1=" " ind2="4">
			<subfield code="a">vision.</subfield>
		</datafield>
		<datafield tag="650" ind1=" " ind2="4">
			<subfield code="a">Vision.</subfield>
		</datafield>
		<datafield tag="650" ind1=" " ind2="4">
			<subfield code="a">Visualität.</subfield>
		</datafield>
		<datafield tag="650" ind1=" " ind2="4">
			<subfield code="a">visuality.</subfield>
		</datafield>
		<datafield tag="700" ind1="1" ind2=" ">
			<subfield code="a">Kampakoglou, Alexandros, </subfield>
			<subfield code="e">editor.</subfield>
		</datafield>
		<datafield tag="700" ind1="1" ind2=" ">
			<subfield code="a">Novokhatko, Anna, </subfield>
			<subfield code="e">editor.</subfield>
		</datafield>
		<datafield tag="773" ind1="0" ind2="8">
			<subfield code="i">Title is part of eBook package:</subfield>
			<subfield code="d">De Gruyter</subfield>
			<subfield code="t">EBOOK PACKAGE Classical Studies 2018 English</subfield>
			<subfield code="z">9783110604009</subfield>
		</datafield>
		<datafield tag="773" ind1="0" ind2="8">
			<subfield code="i">Title is part of eBook package:</subfield>
			<subfield code="d">De Gruyter</subfield>
			<subfield code="t">EBOOK PACKAGE Classical Studies 2018</subfield>
			<subfield code="z">9783110603095</subfield>
			<subfield code="o">ZDB-23-DGD</subfield>
		</datafield>
		<datafield tag="773" ind1="0" ind2="8">
			<subfield code="i">Title is part of eBook package:</subfield>
			<subfield code="d">De Gruyter</subfield>
			<subfield code="t">EBOOK PACKAGE COMPLETE 2018 English</subfield>
			<subfield code="z">9783110604252</subfield>
		</datafield>
		<datafield tag="773" ind1="0" ind2="8">
			<subfield code="i">Title is part of eBook package:</subfield>
			<subfield code="d">De Gruyter</subfield>
			<subfield code="t">EBOOK PACKAGE COMPLETE 2018</subfield>
			<subfield code="z">9783110603255</subfield>
			<subfield code="o">ZDB-23-DGG</subfield>
		</datafield>
		<datafield tag="776" ind1="0" ind2=" ">
			<subfield code="c">EPUB</subfield>
			<subfield code="z">978-3-11-056906-3</subfield>
		</datafield>
		<datafield tag="776" ind1="0" ind2=" ">
			<subfield code="c">print</subfield>
			<subfield code="z">9783110568998</subfield>
		</datafield>
		<datafield tag="856" ind1="4" ind2="0">
			<subfield code="u">https://doi.org/10.1515/9783110571288</subfield>
		</datafield>
		<datafield tag="856" ind1="4" ind2="2">
			<subfield code="3">Cover</subfield>
			<subfield code="u">https://www.degruyter.com/doc/cover/9783110571288.jpg</subfield>
		</datafield>
		<datafield tag="912" ind1=" " ind2=" ">
			<subfield code="a">978-3-11-060400-9  EBOOK PACKAGE Classical Studies 2018 English</subfield>
			<subfield code="b">2018</subfield>
		</datafield>
		<datafield tag="912" ind1=" " ind2=" ">
			<subfield code="a">978-3-11-060425-2  EBOOK PACKAGE COMPLETE 2018 English</subfield>
			<subfield code="b">2018</subfield>
		</datafield>
		<datafield tag="912" ind1=" " ind2=" ">
			<subfield code="a">GBV-deGruyter-alles</subfield>
		</datafield>
		<datafield tag="912" ind1=" " ind2=" ">
			<subfield code="a">GBV-deGruyter-PDA11SSHE</subfield>
		</datafield>
		<datafield tag="912" ind1=" " ind2=" ">
			<subfield code="a">GBV-deGruyter-PDA13ENGE</subfield>
		</datafield>
		<datafield tag="912" ind1=" " ind2=" ">
			<subfield code="a">GBV-deGruyter-PDA14ALL</subfield>
		</datafield>
		<datafield tag="912" ind1=" " ind2=" ">
			<subfield code="a">GBV-deGruyter-PDA16SSH</subfield>
		</datafield>
		<datafield tag="912" ind1=" " ind2=" ">
			<subfield code="a">GBV-deGruyter-PDA17SSHEE</subfield>
		</datafield>
		<datafield tag="912" ind1=" " ind2=" ">
			<subfield code="a">GBV-deGruyter-PDA1ALL</subfield>
		</datafield>
		<datafield tag="912" ind1=" " ind2=" ">
			<subfield code="a">GBV-deGruyter-PDA2</subfield>
		</datafield>
		<datafield tag="912" ind1=" " ind2=" ">
			<subfield code="a">GBV-deGruyter-PDA2HUM</subfield>
		</datafield>
		<datafield tag="912" ind1=" " ind2=" ">
			<subfield code="a">GBV-deGruyter-PDA5EBK</subfield>
		</datafield>
		<datafield tag="912" ind1=" " ind2=" ">
			<subfield code="a">GBV-deGruyter-PDA7ENG</subfield>
		</datafield>
		<datafield tag="912" ind1=" " ind2=" ">
			<subfield code="a">ZDB-23-DGD</subfield>
			<subfield code="b">2018</subfield>
		</datafield>
		<datafield tag="912" ind1=" " ind2=" ">
			<subfield code="a">ZDB-23-DGG</subfield>
			<subfield code="b">2018</subfield>
		</datafield>
	</record>