
	<record xmlns="http://www.loc.gov/MARC21/slim">
		<leader>04920nam a22006015i 4500</leader>
		<controlfield tag="001">9783110571363</controlfield>
		<controlfield tag="003">DE-B1597</controlfield>
		<controlfield tag="005">20180327123002.0</controlfield>
		<controlfield tag="006">m|||||o||d||||||||</controlfield>
		<controlfield tag="007">cr || ||||||||</controlfield>
		<controlfield tag="008">180327s2018    gw     fo  d z      ger d</controlfield>
		<datafield tag="020" ind1=" " ind2=" ">
			<subfield code="a">9783110571363</subfield>
		</datafield>
		<datafield tag="024" ind1="7" ind2=" ">
			<subfield code="a">10.1515/9783110571363</subfield>
			<subfield code="2">doi</subfield>
		</datafield>
		<datafield tag="035" ind1=" " ind2=" ">
			<subfield code="a">(DE-B1597)488518</subfield>
		</datafield>
		<datafield tag="040" ind1=" " ind2=" ">
			<subfield code="a">DE-B1597</subfield>
			<subfield code="b">eng</subfield>
			<subfield code="c">DE-B1597</subfield>
			<subfield code="e">rda</subfield>
		</datafield>
		<datafield tag="041" ind1="0" ind2=" ">
			<subfield code="a">ger</subfield>
		</datafield>
		<datafield tag="044" ind1=" " ind2=" ">
			<subfield code="a">gw</subfield>
			<subfield code="c">DE</subfield>
		</datafield>
		<datafield tag="072" ind1=" " ind2="7">
			<subfield code="a">POL010000</subfield>
			<subfield code="2">bisacsh</subfield>
		</datafield>
		<datafield tag="245" ind1="0" ind2="0">
			<subfield code="a">Wirtschaftsfreiheit als Schicksal :</subfield>
			<subfield code="b">Das politische Denken Friedrich August von Hayeks als de-politisierte Ideologie /</subfield>
			<subfield code="c">Clemens Reichhold.</subfield>
		</datafield>
		<datafield tag="264" ind1=" " ind2="1">
			<subfield code="a">München ;Wien : </subfield>
			<subfield code="b">De Gruyter Oldenbourg, </subfield>
			<subfield code="c">[2018]</subfield>
		</datafield>
		<datafield tag="264" ind1=" " ind2="4">
			<subfield code="c">©2018</subfield>
		</datafield>
		<datafield tag="300" ind1=" " ind2=" ">
			<subfield code="a">1 online resource (223 p.)</subfield>
		</datafield>
		<datafield tag="336" ind1=" " ind2=" ">
			<subfield code="a">text</subfield>
			<subfield code="b">txt</subfield>
			<subfield code="2">rdacontent</subfield>
		</datafield>
		<datafield tag="337" ind1=" " ind2=" ">
			<subfield code="a">computer</subfield>
			<subfield code="b">c</subfield>
			<subfield code="2">rdamedia</subfield>
		</datafield>
		<datafield tag="338" ind1=" " ind2=" ">
			<subfield code="a">online resource</subfield>
			<subfield code="b">cr</subfield>
			<subfield code="2">rdacarrier</subfield>
		</datafield>
		<datafield tag="347" ind1=" " ind2=" ">
			<subfield code="a">text file</subfield>
			<subfield code="b">PDF</subfield>
			<subfield code="2">rda</subfield>
		</datafield>
		<datafield tag="505" ind1="0" ind2="0">
			<subfield code="t">Frontmatter -- </subfield>
			<subfield code="t">Danksagung -- </subfield>
			<subfield code="t">Inhaltsverzeichnis -- </subfield>
			<subfield code="t">1. Die ideologische Dimension im Denken Hayeks: Forschungsdesiderat und Fragestellung -- </subfield>
			<subfield code="t">2. Zur historischen Genese von Hayeks ideologischer Wende -- </subfield>
			<subfield code="t">3. De-Politisierung des Rechts -- </subfield>
			<subfield code="t">4. De-Politisierung der Ökonomie -- </subfield>
			<subfield code="t">5. Ent-Demokratisierung -- </subfield>
			<subfield code="t">6. De-Politisierung der Geschichte -- </subfield>
			<subfield code="t">7. Ergebnisse und Anschlüsse -- </subfield>
			<subfield code="t">Literatur</subfield>
		</datafield>
		<datafield tag="520" ind1=" " ind2=" ">
			<subfield code="a">Untersucht wird das politische Denken F. A. v. Hayeks (1899–1992), eines der profiliertesten Intellektuellen des Neoliberalismus, aus einer ideologietheoretischen Perspektive. Das Erkenntnisinteresse der Arbeit richtet sich dabei auf den Zusammenhang zwischen dem thematisch vielseitigen und ideologisch komplexen Denken v. Hayeks einerseits und der Geschichte von Niedergang und Wiederaufstieg des Wirtschaftsliberalismus im 20. Jahrhundert andererseits. Entgegen dem verbreiteten Klischee, das neoliberales Denken als rein ökonomisches, marktfundamentalistisches Denken vereinseitigt, wird gezeigt, inwiefern sich in v. Hayeks Denken Wirtschaftsliberalismus und sozialer Konservatismus zu einer fragilen Konstellation verbinden, die sich als de-politisierte Ideologie verstehen lässt. Im Anschluss an Stuart Hall wird diese Ideologie als Teil von historisch situierten Auseinandersetzungen um Hegemonie verstanden, die sich in den frühen 1930er-Jahren zuspitzten. In dieser Zeit, die als Geburtsstunde neoliberalen Denkens im Allgemeinen gilt, stellt diese Arbeit bei v. Hayek eine ideologische Wende fest, seit der sein ökonomisches Denken durch eine Sozialtheorie ergänzt wird, deren wichtigstes Kennzeichen eine umfassende De-Politisierung sozialer Verhältnisse darstellt. Mit dem Begriff der De-Politisierung, dessen analytisches Potenzial in der Hayek-Forschung bislang noch keine Beachtung gefunden hat, lässt sich v. Hayeks Theorie der spontanen Ordnung von Wirtschaft und Gesellschaft als schicksalshafte und unveränderbare Ordnung verstehen, die sich der politischen Verfügbarkeit entzieht. Dieser De-Politisierung wurde an v. Hayeks Denken über Recht, Ökonomie bzw. ökonomisch relevantes Wissen, Demokratie und Geschichte nachgegangen, Aspekte die jeweils besondere Relevanz für seine ideologische Gesamtkonstellation beanspruchen können. Zu den wichtigsten Ergebnissen zählt die Erkenntnis, dass v. Hayeks de-politisierte Ideologie ihre Kohärenz in Bezug auf bestimmte historische Prozesse gewinnt, die den bisherigen Wirtschaftsliberalismus marginalisierten. Die ideologische Neukonzeption des Wirtschaftsliberalismus äußert sich bei v. Hayek als intellektuelle Intervention für ein de-politisiertes Wissenschaftsbild ebenso wie für Institutionen und Handlungsformen, die eine Politisierung von Wirtschaft und Gesellschaft unterbinden. </subfield>
		</datafield>
		<datafield tag="538" ind1=" " ind2=" ">
			<subfield code="a">Mode of access: Internet via World Wide Web.</subfield>
		</datafield>
		<datafield tag="546" ind1=" " ind2=" ">
			<subfield code="a">In German.</subfield>
		</datafield>
		<datafield tag="588" ind1="0" ind2=" ">
			<subfield code="a">Description based on online resource; title from PDF title page (publisher's Web site, viewed 27. Mrz 2018)</subfield>
		</datafield>
		<datafield tag="650" ind1=" " ind2="4">
			<subfield code="a">Friedrich August von Hayek.</subfield>
		</datafield>
		<datafield tag="650" ind1=" " ind2="4">
			<subfield code="a">Ideologietheorie.</subfield>
		</datafield>
		<datafield tag="650" ind1=" " ind2="4">
			<subfield code="a">Neoliberalismus.</subfield>
		</datafield>
		<datafield tag="650" ind1=" " ind2="4">
			<subfield code="a">Politisches Denken.</subfield>
		</datafield>
		<datafield tag="773" ind1="0" ind2="8">
			<subfield code="i">Title is part of eBook package:</subfield>
			<subfield code="d">De Gruyter</subfield>
			<subfield code="t">EBOOK PACKAGE COMPLETE 2018</subfield>
			<subfield code="z">9783110603255</subfield>
			<subfield code="o">ZDB-23-DGG</subfield>
		</datafield>
		<datafield tag="773" ind1="0" ind2="8">
			<subfield code="i">Title is part of eBook package:</subfield>
			<subfield code="d">De Gruyter</subfield>
			<subfield code="t">EBOOK PACKAGE Economics 2018</subfield>
			<subfield code="z">9783110603101</subfield>
			<subfield code="o">ZDB-23-DBV</subfield>
		</datafield>
		<datafield tag="776" ind1="0" ind2=" ">
			<subfield code="c">EPUB</subfield>
			<subfield code="z">978-3-11-056870-7</subfield>
		</datafield>
		<datafield tag="776" ind1="0" ind2=" ">
			<subfield code="c">print</subfield>
			<subfield code="z">9783110568608</subfield>
		</datafield>
		<datafield tag="856" ind1="4" ind2="0">
			<subfield code="u">https://doi.org/10.1515/9783110571363</subfield>
		</datafield>
		<datafield tag="856" ind1="4" ind2="2">
			<subfield code="3">Cover</subfield>
			<subfield code="u">https://www.degruyter.com/doc/cover/9783110571363.jpg</subfield>
		</datafield>
		<datafield tag="912" ind1=" " ind2=" ">
			<subfield code="a">GBV-deGruyter-alles</subfield>
		</datafield>
		<datafield tag="912" ind1=" " ind2=" ">
			<subfield code="a">GBV-deGruyter-PDA11SSHE</subfield>
		</datafield>
		<datafield tag="912" ind1=" " ind2=" ">
			<subfield code="a">GBV-deGruyter-PDA12STME</subfield>
		</datafield>
		<datafield tag="912" ind1=" " ind2=" ">
			<subfield code="a">GBV-deGruyter-PDA14ALL</subfield>
		</datafield>
		<datafield tag="912" ind1=" " ind2=" ">
			<subfield code="a">GBV-deGruyter-PDA15STM</subfield>
		</datafield>
		<datafield tag="912" ind1=" " ind2=" ">
			<subfield code="a">GBV-deGruyter-PDA16SSH</subfield>
		</datafield>
		<datafield tag="912" ind1=" " ind2=" ">
			<subfield code="a">GBV-deGruyter-PDA1ALL</subfield>
		</datafield>
		<datafield tag="912" ind1=" " ind2=" ">
			<subfield code="a">GBV-deGruyter-PDA2HUM</subfield>
		</datafield>
		<datafield tag="912" ind1=" " ind2=" ">
			<subfield code="a">GBV-deGruyter-PDA3STM</subfield>
		</datafield>
		<datafield tag="912" ind1=" " ind2=" ">
			<subfield code="a">GBV-deGruyter-PDA5EBK</subfield>
		</datafield>
		<datafield tag="912" ind1=" " ind2=" ">
			<subfield code="a">ZDB-23-DBV</subfield>
			<subfield code="b">2018</subfield>
		</datafield>
		<datafield tag="912" ind1=" " ind2=" ">
			<subfield code="a">ZDB-23-DGG</subfield>
			<subfield code="b">2018</subfield>
		</datafield>
	</record>