
	<record xmlns="http://www.loc.gov/MARC21/slim">
		<leader>04659nam a22006495i 4500</leader>
		<controlfield tag="001">9783110578805</controlfield>
		<controlfield tag="003">DE-B1597</controlfield>
		<controlfield tag="005">20180327123002.0</controlfield>
		<controlfield tag="006">m|||||o||d||||||||</controlfield>
		<controlfield tag="007">cr || ||||||||</controlfield>
		<controlfield tag="008">180327s2018    gw     fo  d z      ger d</controlfield>
		<datafield tag="020" ind1=" " ind2=" ">
			<subfield code="a">9783110578805</subfield>
		</datafield>
		<datafield tag="024" ind1="7" ind2=" ">
			<subfield code="a">10.1515/9783110578805</subfield>
			<subfield code="2">doi</subfield>
		</datafield>
		<datafield tag="035" ind1=" " ind2=" ">
			<subfield code="a">(DE-B1597)489708</subfield>
		</datafield>
		<datafield tag="040" ind1=" " ind2=" ">
			<subfield code="a">DE-B1597</subfield>
			<subfield code="b">eng</subfield>
			<subfield code="c">DE-B1597</subfield>
			<subfield code="e">rda</subfield>
		</datafield>
		<datafield tag="041" ind1="0" ind2=" ">
			<subfield code="a">ger</subfield>
		</datafield>
		<datafield tag="044" ind1=" " ind2=" ">
			<subfield code="a">gw</subfield>
			<subfield code="c">DE</subfield>
		</datafield>
		<datafield tag="072" ind1=" " ind2="7">
			<subfield code="a">HIS016000</subfield>
			<subfield code="2">bisacsh</subfield>
		</datafield>
		<datafield tag="072" ind1=" " ind2="7">
			<subfield code="a">HIS035000</subfield>
			<subfield code="2">bisacsh</subfield>
		</datafield>
		<datafield tag="072" ind1=" " ind2="7">
			<subfield code="a">HIS037030</subfield>
			<subfield code="2">bisacsh</subfield>
		</datafield>
		<datafield tag="072" ind1=" " ind2="7">
			<subfield code="a">SCI000000</subfield>
			<subfield code="2">bisacsh</subfield>
		</datafield>
		<datafield tag="245" ind1="0" ind2="0">
			<subfield code="a">Geschichtsentwürfe und Identitätsbildung am Übergang zur Neuzeit. </subfield>
			<subfield code="n">Band 2, </subfield>
			<subfield code="p">Soziale Gruppen und Identitätspraktiken /</subfield>
			<subfield code="c">Frank Rexroth, Ludger Grenzmann, Udo Friedrich.</subfield>
		</datafield>
		<datafield tag="264" ind1=" " ind2="1">
			<subfield code="a">Berlin ;Boston : </subfield>
			<subfield code="b">De Gruyter Akademie Forschung, </subfield>
			<subfield code="c">[2018]</subfield>
		</datafield>
		<datafield tag="264" ind1=" " ind2="4">
			<subfield code="c">©2018</subfield>
		</datafield>
		<datafield tag="300" ind1=" " ind2=" ">
			<subfield code="a">1 online resource (293 p.)</subfield>
		</datafield>
		<datafield tag="336" ind1=" " ind2=" ">
			<subfield code="a">text</subfield>
			<subfield code="b">txt</subfield>
			<subfield code="2">rdacontent</subfield>
		</datafield>
		<datafield tag="337" ind1=" " ind2=" ">
			<subfield code="a">computer</subfield>
			<subfield code="b">c</subfield>
			<subfield code="2">rdamedia</subfield>
		</datafield>
		<datafield tag="338" ind1=" " ind2=" ">
			<subfield code="a">online resource</subfield>
			<subfield code="b">cr</subfield>
			<subfield code="2">rdacarrier</subfield>
		</datafield>
		<datafield tag="347" ind1=" " ind2=" ">
			<subfield code="a">text file</subfield>
			<subfield code="b">PDF</subfield>
			<subfield code="2">rda</subfield>
		</datafield>
		<datafield tag="490" ind1="0" ind2=" ">
			<subfield code="a">Abhandlungen der Akademie der Wissenschaften zu Göttingen. Neue Folge ;</subfield>
			<subfield code="v">41/2</subfield>
		</datafield>
		<datafield tag="505" ind1="0" ind2="0">
			<subfield code="t">Frontmatter -- </subfield>
			<subfield code="t">Vorwort -- </subfield>
			<subfield code="t">Inhalt -- </subfield>
			<subfield code="t">Teil 1: Vergangenheitsbilder in der Konstruktion von Gruppenidentitäten -- </subfield>
			<subfield code="t">Dynastische Identitäten durch Genealogie / </subfield>
			<subfield code="r">Spieß, Karl-Heinz -- </subfield>
			<subfield code="t">Gelehrte und Geschichte / </subfield>
			<subfield code="r">Müller, Harald -- </subfield>
			<subfield code="t">Kollektive Identitäten in spätmittelalterlichen Häresien / </subfield>
			<subfield code="r">Leinsle, Ulrich G. -- </subfield>
			<subfield code="t">HAVE ROMA Identitätsentwürfe und Antikenkonzepte in Rom und Venedig / </subfield>
			<subfield code="r">Müller, Rebecca -- </subfield>
			<subfield code="t">Die Dichtergruppe der Pléiade zwischen Mythos und Wirklichkeit / </subfield>
			<subfield code="r">Marek, Heidi -- </subfield>
			<subfield code="t">Teil 2: Soziale Großgruppen, ihre Identitätspraktiken und Vergangenheitsbilder -- </subfield>
			<subfield code="t">Erinnerung als Kategorie der Kunstgeschichte / </subfield>
			<subfield code="r">Albrecht, Stephan -- </subfield>
			<subfield code="t">Beiträge des Rechts zur Ausbildung einer ‚deutschen‘ Identität im Mittelalter und in der Frühen Neuze / </subfield>
			<subfield code="r">Schumann, Eva -- </subfield>
			<subfield code="t">Juljus Cêsar und die dûtisken lant Zum Wandel narrativer Identitätskonstruktion zwischen Mittelalter und Früher Neuzeit aus Sicht der Sprach- und Literaturwissenschaft (unter besonderer Berücksichtigung von «Kaiserchronik» und «Prosakaiserchronik») / </subfield>
			<subfield code="r">Goerlitz, Uta -- </subfield>
			<subfield code="t">Papstgeschichtsschreibung im Quattrocento Vom «Liber pontificalis» zu Platinas «Liber de vita Christi ac omnium pontificum» / </subfield>
			<subfield code="r">Märtl, Claudia -- </subfield>
			<subfield code="t">Territorialisierung und Ethnisierung der Eidgenossenschaft in der Historiographie des 15. und 16. Jahrhunderts / </subfield>
			<subfield code="r">Maissen, Thomas -- </subfield>
			<subfield code="t">Personen- und Ortsregister</subfield>
		</datafield>
		<datafield tag="520" ind1=" " ind2=" ">
			<subfield code="a">Die Beiträge dieses Bandes sind der Frage gewidmet, welche Rolle verschiedene literarische Formen der Auseinandersetzung mit der Vergangenheit zur Konstruktion, Bewahrung und Modifikation von Gruppenidentitäten spielen können. Das bedeutet, dass der Identitätsbegriff, der den Beiträgen dieses Bandes zu Grunde liegt, auf flexible Praktiken zielt, nicht aber auf Essentialismen einer überzeitlich gedachten Gruppenexistenz. Denn dass es auf der Ebene historischer Denkformen, Repräsentationen, ja ganzer kultureller Imaginarien geschichtsmächtig wirksame Vorstellungen von Zugehörigkeit und Alterität gibt, ist unbestritten. Wie aber werden diese Vorstellungen konstituiert? Auf welcher gedanklichen Grundlage basierten sie, und mit welchen gestalterischen Mitteln wurden sie in die Tat umgesetzt? Erörtert werden diese Fragen anhand von Texten und Bildern des Spätmittelalters und der frühen Neuzeit. </subfield>
		</datafield>
		<datafield tag="538" ind1=" " ind2=" ">
			<subfield code="a">Mode of access: Internet via World Wide Web.</subfield>
		</datafield>
		<datafield tag="546" ind1=" " ind2=" ">
			<subfield code="a">In German.</subfield>
		</datafield>
		<datafield tag="588" ind1="0" ind2=" ">
			<subfield code="a">Description based on online resource; title from PDF title page (publisher's Web site, viewed 27. Mrz 2018)</subfield>
		</datafield>
		<datafield tag="650" ind1=" " ind2="4">
			<subfield code="a">Autobiographie.</subfield>
		</datafield>
		<datafield tag="650" ind1=" " ind2="4">
			<subfield code="a">Geschichtsschreibung.</subfield>
		</datafield>
		<datafield tag="650" ind1=" " ind2="4">
			<subfield code="a">Identität.</subfield>
		</datafield>
		<datafield tag="650" ind1=" " ind2="4">
			<subfield code="a">Memoria.</subfield>
		</datafield>
		<datafield tag="700" ind1="1" ind2=" ">
			<subfield code="a">Friedrich, Udo, </subfield>
			<subfield code="e">editor.</subfield>
		</datafield>
		<datafield tag="700" ind1="1" ind2=" ">
			<subfield code="a">Grenzmann, Ludger, </subfield>
			<subfield code="e">editor.</subfield>
		</datafield>
		<datafield tag="700" ind1="1" ind2=" ">
			<subfield code="a">Rexroth, Frank, </subfield>
			<subfield code="e">editor.</subfield>
		</datafield>
		<datafield tag="773" ind1="0" ind2="8">
			<subfield code="i">Title is part of eBook package:</subfield>
			<subfield code="d">De Gruyter</subfield>
			<subfield code="t">EBOOK PACKAGE COMPLETE 2018</subfield>
			<subfield code="z">9783110603255</subfield>
			<subfield code="o">ZDB-23-DGG</subfield>
		</datafield>
		<datafield tag="773" ind1="0" ind2="8">
			<subfield code="i">Title is part of eBook package:</subfield>
			<subfield code="d">De Gruyter</subfield>
			<subfield code="t">EBOOK PACKAGE History 2018</subfield>
			<subfield code="z">9783110603149</subfield>
			<subfield code="o">ZDB-23-DEG</subfield>
		</datafield>
		<datafield tag="776" ind1="0" ind2=" ">
			<subfield code="c">EPUB</subfield>
			<subfield code="z">978-3-11-057665-8</subfield>
		</datafield>
		<datafield tag="776" ind1="0" ind2=" ">
			<subfield code="c">print</subfield>
			<subfield code="z">9783110576481</subfield>
		</datafield>
		<datafield tag="856" ind1="4" ind2="0">
			<subfield code="u">https://doi.org/10.1515/9783110578805</subfield>
		</datafield>
		<datafield tag="856" ind1="4" ind2="2">
			<subfield code="3">Cover</subfield>
			<subfield code="u">https://www.degruyter.com/doc/cover/9783110578805.jpg</subfield>
		</datafield>
		<datafield tag="912" ind1=" " ind2=" ">
			<subfield code="a">GBV-deGruyter-alles</subfield>
		</datafield>
		<datafield tag="912" ind1=" " ind2=" ">
			<subfield code="a">GBV-deGruyter-PDA11SSHE</subfield>
		</datafield>
		<datafield tag="912" ind1=" " ind2=" ">
			<subfield code="a">GBV-deGruyter-PDA14ALL</subfield>
		</datafield>
		<datafield tag="912" ind1=" " ind2=" ">
			<subfield code="a">GBV-deGruyter-PDA16SSH</subfield>
		</datafield>
		<datafield tag="912" ind1=" " ind2=" ">
			<subfield code="a">GBV-deGruyter-PDA1ALL</subfield>
		</datafield>
		<datafield tag="912" ind1=" " ind2=" ">
			<subfield code="a">GBV-deGruyter-PDA2HUM</subfield>
		</datafield>
		<datafield tag="912" ind1=" " ind2=" ">
			<subfield code="a">GBV-deGruyter-PDA5EBK</subfield>
		</datafield>
		<datafield tag="912" ind1=" " ind2=" ">
			<subfield code="a">ZDB-23-DEG</subfield>
			<subfield code="b">2018</subfield>
		</datafield>
		<datafield tag="912" ind1=" " ind2=" ">
			<subfield code="a">ZDB-23-DGG</subfield>
			<subfield code="b">2018</subfield>
		</datafield>
	</record>