
	<record xmlns="http://www.loc.gov/MARC21/slim">
		<leader>05818nam a22006495i 4500</leader>
		<controlfield tag="001">9783110581836</controlfield>
		<controlfield tag="003">DE-B1597</controlfield>
		<controlfield tag="005">20180327123002.0</controlfield>
		<controlfield tag="006">m|||||o||d||||||||</controlfield>
		<controlfield tag="007">cr || ||||||||</controlfield>
		<controlfield tag="008">180327s2018    gw     fo  d z      eng d</controlfield>
		<datafield tag="020" ind1=" " ind2=" ">
			<subfield code="a">9783110581836</subfield>
		</datafield>
		<datafield tag="024" ind1="7" ind2=" ">
			<subfield code="a">10.1515/9783110581836</subfield>
			<subfield code="2">doi</subfield>
		</datafield>
		<datafield tag="035" ind1=" " ind2=" ">
			<subfield code="a">(DE-B1597)490042</subfield>
		</datafield>
		<datafield tag="040" ind1=" " ind2=" ">
			<subfield code="a">DE-B1597</subfield>
			<subfield code="b">eng</subfield>
			<subfield code="c">DE-B1597</subfield>
			<subfield code="e">rda</subfield>
		</datafield>
		<datafield tag="041" ind1="0" ind2=" ">
			<subfield code="a">eng</subfield>
		</datafield>
		<datafield tag="044" ind1=" " ind2=" ">
			<subfield code="a">gw</subfield>
			<subfield code="c">DE</subfield>
		</datafield>
		<datafield tag="072" ind1=" " ind2="7">
			<subfield code="a">LIT004120</subfield>
			<subfield code="2">bisacsh</subfield>
		</datafield>
		<datafield tag="100" ind1="1" ind2=" ">
			<subfield code="a">Pfeiffer, K. Ludwig,</subfield>
			<subfield code="e">author.</subfield>
		</datafield>
		<datafield tag="245" ind1="1" ind2="0">
			<subfield code="a">From Chaos to Catastrophe? :</subfield>
			<subfield code="b">Texts and the Transitionality of the Mind /</subfield>
			<subfield code="c">K. Ludwig Pfeiffer.</subfield>
		</datafield>
		<datafield tag="264" ind1=" " ind2="1">
			<subfield code="a">Berlin ;Boston : </subfield>
			<subfield code="b">De Gruyter, </subfield>
			<subfield code="c">[2018]</subfield>
		</datafield>
		<datafield tag="264" ind1=" " ind2="4">
			<subfield code="c">©2018</subfield>
		</datafield>
		<datafield tag="300" ind1=" " ind2=" ">
			<subfield code="a">1 online resource (249 p.)</subfield>
		</datafield>
		<datafield tag="336" ind1=" " ind2=" ">
			<subfield code="a">text</subfield>
			<subfield code="b">txt</subfield>
			<subfield code="2">rdacontent</subfield>
		</datafield>
		<datafield tag="337" ind1=" " ind2=" ">
			<subfield code="a">computer</subfield>
			<subfield code="b">c</subfield>
			<subfield code="2">rdamedia</subfield>
		</datafield>
		<datafield tag="338" ind1=" " ind2=" ">
			<subfield code="a">online resource</subfield>
			<subfield code="b">cr</subfield>
			<subfield code="2">rdacarrier</subfield>
		</datafield>
		<datafield tag="347" ind1=" " ind2=" ">
			<subfield code="a">text file</subfield>
			<subfield code="b">PDF</subfield>
			<subfield code="2">rda</subfield>
		</datafield>
		<datafield tag="490" ind1="0" ind2=" ">
			<subfield code="a">Buchreihe der Anglia / Anglia Book Series ;</subfield>
			<subfield code="v">59</subfield>
		</datafield>
		<datafield tag="505" ind1="0" ind2="0">
			<subfield code="t">Frontmatter -- </subfield>
			<subfield code="t">Foreword -- </subfield>
			<subfield code="t">Contents -- </subfield>
			<subfield code="t">Introduction: Processes and Products: Claims, Goals, Risks -- </subfield>
			<subfield code="t">Part I. Consciousness Studies: Neurosciences and ‘Literature’ -- </subfield>
			<subfield code="t">1. The Transitionality of Consciousness -- </subfield>
			<subfield code="t">2. Universalism vs. Particularism -- </subfield>
			<subfield code="t">3. Patterns of Consciousness, Language, Discourse -- </subfield>
			<subfield code="t">4. James, James and the Structure of Fluctuations -- </subfield>
			<subfield code="t">5. Neurobiology: Intricacies and Implications -- </subfield>
			<subfield code="t">6. Dramatic Narratives -- </subfield>
			<subfield code="t">7. Transitionality and the Obsession with Form -- </subfield>
			<subfield code="t">8. Existential Impressionism and Cultural Status: Dorothy Richardson (1873–1957) -- </subfield>
			<subfield code="t">9. An Interlude, Or, From Richardson to Richardson -- </subfield>
			<subfield code="t">Part II. Consciousness and History: Biographical ‘Novels’ and their ‘Liberal’ Extensions -- </subfield>
			<subfield code="t">1. Biography on the Rebound -- </subfield>
			<subfield code="t">2. Biographical Patterns, Models of Consciousness and Historical Significance in Dickens -- </subfield>
			<subfield code="t">3. Diagnostic Power and Practical Relevance: Some Further Steps -- </subfield>
			<subfield code="t">4. The Pseudo-Freedom of Consciousness and its Cost-Benefit Analysis in the Twentieth Century -- </subfield>
			<subfield code="t">5. The RAF, a Twentieth-Century Reality Shift, and a Contemporary German ‘Novel’ -- </subfield>
			<subfield code="t">6. The Drama of ‘Liberalism’ -- </subfield>
			<subfield code="t">7. What Does Enlightenment Enlighten Us About? -- </subfield>
			<subfield code="t">8. The Paradox of Liberty and Authority -- </subfield>
			<subfield code="t">Part III. A Case Study: Chaotic Consciousness and Catastrophic History, Discordant Evolution and Political Overreaction: Oswald and Nicholas Mosley -- </subfield>
			<subfield code="t">1. Catastrophe Practice: Frameworks and Presuppositions ‒ From Individuality to Scripts -- </subfield>
			<subfield code="t">2. Catastrophe Practice: Routines ‒ Individuality Manufactured and Medialized -- </subfield>
			<subfield code="t">3. Hopeful Monsters: Discordant Evolution and Steps towards Mutation -- </subfield>
			<subfield code="t">4. Hysterical Consciousness and the Beginnings of Institutional Degeneration in Autobiographical Writings -- </subfield>
			<subfield code="t">5. The Failure of Rules and the Unleashing of Hysterical Consciousness: Oswald Mosley and Fascism -- </subfield>
			<subfield code="t">6. Tentative Conclusions -- </subfield>
			<subfield code="t">Works Cited -- </subfield>
			<subfield code="t">Index</subfield>
		</datafield>
		<datafield tag="520" ind1=" " ind2=" ">
			<subfield code="a">This book focuses on the tensions between processes of consciousness and their products like worldviews, theories, models of thought etc. Staying close to their technical meanings in chaos and catastrophe theory, chaotic processes are described in mainly neurobiological and evolutionary terms while products are delineated in their evolutionary logic. Given both a relative opacity of processes of the mind and of the outside world, the dramatic quality of the processes, a certain closeness to ‘hysterical’ and ‘schizophrenic’ tendencies and, within the context of the weakening orientating power of worldviews, an alarming catastrophic potential emerge.As a consequence, the book aims at a comparative cost-benefit analysis of the transitionality between ‘chaotic’ processes of consciousness and the often ‘catastrophic’ implications of their products within historical frameworks. The central thesis consists in the increasing failure in the orientation of action which cannot be contained by systems of ethics. Materials for this analysis are mainly drawn from texts normally called literary in which the tension between biographical and historical dimensions provides profiles of chaos and catastrophe. </subfield>
		</datafield>
		<datafield tag="538" ind1=" " ind2=" ">
			<subfield code="a">Mode of access: Internet via World Wide Web.</subfield>
		</datafield>
		<datafield tag="546" ind1=" " ind2=" ">
			<subfield code="a">In English.</subfield>
		</datafield>
		<datafield tag="588" ind1="0" ind2=" ">
			<subfield code="a">Description based on online resource; title from PDF title page (publisher's Web site, viewed 27. Mrz 2018)</subfield>
		</datafield>
		<datafield tag="650" ind1=" " ind2="4">
			<subfield code="a">Consciousness, Worldviews, Cultural Catastrophes.</subfield>
		</datafield>
		<datafield tag="773" ind1="0" ind2="8">
			<subfield code="i">Title is part of eBook package:</subfield>
			<subfield code="d">De Gruyter</subfield>
			<subfield code="t">EBOOK PACKAGE COMPLETE 2018 English</subfield>
			<subfield code="z">9783110604252</subfield>
		</datafield>
		<datafield tag="773" ind1="0" ind2="8">
			<subfield code="i">Title is part of eBook package:</subfield>
			<subfield code="d">De Gruyter</subfield>
			<subfield code="t">EBOOK PACKAGE COMPLETE 2018</subfield>
			<subfield code="z">9783110603255</subfield>
			<subfield code="o">ZDB-23-DGG</subfield>
		</datafield>
		<datafield tag="773" ind1="0" ind2="8">
			<subfield code="i">Title is part of eBook package:</subfield>
			<subfield code="d">De Gruyter</subfield>
			<subfield code="t">EBOOK PACKAGE Literary, Cultural and Area Stud. 2018 English</subfield>
			<subfield code="z">9783110604184</subfield>
		</datafield>
		<datafield tag="773" ind1="0" ind2="8">
			<subfield code="i">Title is part of eBook package:</subfield>
			<subfield code="d">De Gruyter</subfield>
			<subfield code="t">EBOOK PACKAGE Literary, Cultural and Area Studies 2018</subfield>
			<subfield code="z">9783110603187</subfield>
		</datafield>
		<datafield tag="776" ind1="0" ind2=" ">
			<subfield code="c">EPUB</subfield>
			<subfield code="z">978-3-11-057947-5</subfield>
		</datafield>
		<datafield tag="776" ind1="0" ind2=" ">
			<subfield code="c">print</subfield>
			<subfield code="z">9783110579345</subfield>
		</datafield>
		<datafield tag="856" ind1="4" ind2="0">
			<subfield code="u">https://doi.org/10.1515/9783110581836</subfield>
		</datafield>
		<datafield tag="856" ind1="4" ind2="2">
			<subfield code="3">Cover</subfield>
			<subfield code="u">https://www.degruyter.com/doc/cover/9783110581836.jpg</subfield>
		</datafield>
		<datafield tag="912" ind1=" " ind2=" ">
			<subfield code="a">978-3-11-060318-7  EBOOK PACKAGE Literary, Cultural and Area Studies 2018</subfield>
			<subfield code="b">2018</subfield>
		</datafield>
		<datafield tag="912" ind1=" " ind2=" ">
			<subfield code="a">978-3-11-060418-4  EBOOK PACKAGE Literary, Cultural and Area Stud. 2018 English</subfield>
			<subfield code="b">2018</subfield>
		</datafield>
		<datafield tag="912" ind1=" " ind2=" ">
			<subfield code="a">978-3-11-060425-2  EBOOK PACKAGE COMPLETE 2018 English</subfield>
			<subfield code="b">2018</subfield>
		</datafield>
		<datafield tag="912" ind1=" " ind2=" ">
			<subfield code="a">GBV-deGruyter-alles</subfield>
		</datafield>
		<datafield tag="912" ind1=" " ind2=" ">
			<subfield code="a">GBV-deGruyter-PDA11SSHE</subfield>
		</datafield>
		<datafield tag="912" ind1=" " ind2=" ">
			<subfield code="a">GBV-deGruyter-PDA13ENGE</subfield>
		</datafield>
		<datafield tag="912" ind1=" " ind2=" ">
			<subfield code="a">GBV-deGruyter-PDA14ALL</subfield>
		</datafield>
		<datafield tag="912" ind1=" " ind2=" ">
			<subfield code="a">GBV-deGruyter-PDA16SSH</subfield>
		</datafield>
		<datafield tag="912" ind1=" " ind2=" ">
			<subfield code="a">GBV-deGruyter-PDA17SSHEE</subfield>
		</datafield>
		<datafield tag="912" ind1=" " ind2=" ">
			<subfield code="a">GBV-deGruyter-PDA1ALL</subfield>
		</datafield>
		<datafield tag="912" ind1=" " ind2=" ">
			<subfield code="a">GBV-deGruyter-PDA2</subfield>
		</datafield>
		<datafield tag="912" ind1=" " ind2=" ">
			<subfield code="a">GBV-deGruyter-PDA2HUM</subfield>
		</datafield>
		<datafield tag="912" ind1=" " ind2=" ">
			<subfield code="a">GBV-deGruyter-PDA5EBK</subfield>
		</datafield>
		<datafield tag="912" ind1=" " ind2=" ">
			<subfield code="a">GBV-deGruyter-PDA7ENG</subfield>
		</datafield>
		<datafield tag="912" ind1=" " ind2=" ">
			<subfield code="a">ZDB-23-DGG</subfield>
			<subfield code="b">2018</subfield>
		</datafield>
	</record>