
	<record xmlns="http://www.loc.gov/MARC21/slim">
		<leader>03906nam a22006015i 4500</leader>
		<controlfield tag="001">9783110584714</controlfield>
		<controlfield tag="003">DE-B1597</controlfield>
		<controlfield tag="005">20180327123002.0</controlfield>
		<controlfield tag="006">m|||||o||d||||||||</controlfield>
		<controlfield tag="007">cr || ||||||||</controlfield>
		<controlfield tag="008">180327s2018    gw     fo  d z      ger d</controlfield>
		<datafield tag="020" ind1=" " ind2=" ">
			<subfield code="a">9783110584714</subfield>
		</datafield>
		<datafield tag="024" ind1="7" ind2=" ">
			<subfield code="a">10.1515/9783110584714</subfield>
			<subfield code="2">doi</subfield>
		</datafield>
		<datafield tag="035" ind1=" " ind2=" ">
			<subfield code="a">(DE-B1597)490576</subfield>
		</datafield>
		<datafield tag="040" ind1=" " ind2=" ">
			<subfield code="a">DE-B1597</subfield>
			<subfield code="b">eng</subfield>
			<subfield code="c">DE-B1597</subfield>
			<subfield code="e">rda</subfield>
		</datafield>
		<datafield tag="041" ind1="0" ind2=" ">
			<subfield code="a">ger</subfield>
		</datafield>
		<datafield tag="044" ind1=" " ind2=" ">
			<subfield code="a">gw</subfield>
			<subfield code="c">DE</subfield>
		</datafield>
		<datafield tag="072" ind1=" " ind2="7">
			<subfield code="a">LIT004190</subfield>
			<subfield code="2">bisacsh</subfield>
		</datafield>
		<datafield tag="072" ind1=" " ind2="7">
			<subfield code="a">SCI000000</subfield>
			<subfield code="2">bisacsh</subfield>
		</datafield>
		<datafield tag="100" ind1="1" ind2=" ">
			<subfield code="a">Castellari, Marco,</subfield>
			<subfield code="e">author.</subfield>
		</datafield>
		<datafield tag="245" ind1="1" ind2="0">
			<subfield code="a">Hölderlin und das Theater :</subfield>
			<subfield code="b">Produktion – Rezeption – Transformation /</subfield>
			<subfield code="c">Marco Castellari.</subfield>
		</datafield>
		<datafield tag="264" ind1=" " ind2="1">
			<subfield code="a">Berlin ;Boston : </subfield>
			<subfield code="b">De Gruyter, </subfield>
			<subfield code="c">[2018]</subfield>
		</datafield>
		<datafield tag="264" ind1=" " ind2="4">
			<subfield code="c">©2018</subfield>
		</datafield>
		<datafield tag="300" ind1=" " ind2=" ">
			<subfield code="a">1 online resource (598 p.)</subfield>
		</datafield>
		<datafield tag="336" ind1=" " ind2=" ">
			<subfield code="a">text</subfield>
			<subfield code="b">txt</subfield>
			<subfield code="2">rdacontent</subfield>
		</datafield>
		<datafield tag="337" ind1=" " ind2=" ">
			<subfield code="a">computer</subfield>
			<subfield code="b">c</subfield>
			<subfield code="2">rdamedia</subfield>
		</datafield>
		<datafield tag="338" ind1=" " ind2=" ">
			<subfield code="a">online resource</subfield>
			<subfield code="b">cr</subfield>
			<subfield code="2">rdacarrier</subfield>
		</datafield>
		<datafield tag="347" ind1=" " ind2=" ">
			<subfield code="a">text file</subfield>
			<subfield code="b">PDF</subfield>
			<subfield code="2">rda</subfield>
		</datafield>
		<datafield tag="490" ind1="0" ind2=" ">
			<subfield code="a">Philologus. Supplemente / Philologus. Supplementary Volumes ;</subfield>
			<subfield code="v">10</subfield>
		</datafield>
		<datafield tag="505" ind1="0" ind2="0">
			<subfield code="t">Frontmatter -- </subfield>
			<subfield code="t">Danksagung -- </subfield>
			<subfield code="t">Inhaltsverzeichnis -- </subfield>
			<subfield code="t">Abbildungsverzeichnis und -nachweis -- </subfield>
			<subfield code="t">Einführung -- </subfield>
			<subfield code="t">1. Antik-moderne Dramatik. Hölderlins Theaterprojekte um 1800 / </subfield>
			<subfield code="r">Lacoue-Labarthe, Philippe -- </subfield>
			<subfield code="t">2. Bühnenferne Überwinterung. Hölderlins Theater bis zur Jahrhundertwende -- </subfield>
			<subfield code="t">3. Ein Theaterjahrhundert. Hölderlin im Drama und auf der Bühne von den Uraufführungen bis zur Gegenwart -- </subfield>
			<subfield code="t">Verzeichnis der verwendeten Literatur -- </subfield>
			<subfield code="t">Verzeichnis der erwähnten Inszenierungen -- </subfield>
			<subfield code="t">Namensregister</subfield>
		</datafield>
		<datafield tag="520" ind1=" " ind2=" ">
			<subfield code="a">„Der Tod des Empedokles“, „Ödipus der Tyrann“ und „Antigonä“ gehören heute unstreitig zum Theaterrepertoire. Dank der Bearbeitungen und Inszenierungen großer Dramatiker und Regisseure gilt Friedrich Hölderlins ganzes sprachlich-gedankliches Werk seit einigen Jahren als bühnentauglich. Von dieser Bestandsaufnahme inspiriert, rekonstruiert vorliegende Studie die Produktion und Rezeption der Empedokles- und Sophokles-Projekte und die Hölderlin-Transformationen im Drama und Theater bis heute. Beide Werkkomplexe werden in Teil I als ‚antik-moderne‘ Theaterentwürfe untersucht, während in Teil II das erste Jahrhundert ihrer bühnenfernen, nuancenreichen Rezeption neu erschlossen wird. Teil III ist den hundert Jahren dramatischer und szenischer Adaption seit den Uraufführungen gewidmet. Die Untersuchung versteht sich als innovativer Beitrag zur Forschung über Hölderlin und dessen wechselvolle Nachwirkung. Zur Erfassung der Antike-Rezeption (Sophokles, Empedokles) trägt die Studie ebenso bei wie zur Neuperspektivierung kulturhistorischer Tendenzen, etwa die Romantik-Nietzsche-Moderne-Linie oder die Entwicklung vom episch-politischen Theater Brechts über Heiner Müller, Peter Weiss und Elfriede Jelinek bis hin zur postdramatischen Ästhetik. </subfield>
		</datafield>
		<datafield tag="538" ind1=" " ind2=" ">
			<subfield code="a">Mode of access: Internet via World Wide Web.</subfield>
		</datafield>
		<datafield tag="546" ind1=" " ind2=" ">
			<subfield code="a">In German.</subfield>
		</datafield>
		<datafield tag="588" ind1="0" ind2=" ">
			<subfield code="a">Description based on online resource; title from PDF title page (publisher's Web site, viewed 27. Mrz 2018)</subfield>
		</datafield>
		<datafield tag="650" ind1=" " ind2="4">
			<subfield code="a">Deutsches Theater.</subfield>
		</datafield>
		<datafield tag="650" ind1=" " ind2="4">
			<subfield code="a">Hölderlin.</subfield>
		</datafield>
		<datafield tag="650" ind1=" " ind2="4">
			<subfield code="a">Rezeption der Antike.</subfield>
		</datafield>
		<datafield tag="773" ind1="0" ind2="8">
			<subfield code="i">Title is part of eBook package:</subfield>
			<subfield code="d">De Gruyter</subfield>
			<subfield code="t">EBOOK PACKAGE Classical Studies 2018</subfield>
			<subfield code="z">9783110603095</subfield>
			<subfield code="o">ZDB-23-DGD</subfield>
		</datafield>
		<datafield tag="773" ind1="0" ind2="8">
			<subfield code="i">Title is part of eBook package:</subfield>
			<subfield code="d">De Gruyter</subfield>
			<subfield code="t">EBOOK PACKAGE COMPLETE 2018</subfield>
			<subfield code="z">9783110603255</subfield>
			<subfield code="o">ZDB-23-DGG</subfield>
		</datafield>
		<datafield tag="776" ind1="0" ind2=" ">
			<subfield code="c">EPUB</subfield>
			<subfield code="z">978-3-11-058337-3</subfield>
		</datafield>
		<datafield tag="776" ind1="0" ind2=" ">
			<subfield code="c">print</subfield>
			<subfield code="z">9783110583328</subfield>
		</datafield>
		<datafield tag="856" ind1="4" ind2="0">
			<subfield code="u">https://doi.org/10.1515/9783110584714</subfield>
		</datafield>
		<datafield tag="856" ind1="4" ind2="2">
			<subfield code="3">Cover</subfield>
			<subfield code="u">https://www.degruyter.com/doc/cover/9783110584714.jpg</subfield>
		</datafield>
		<datafield tag="912" ind1=" " ind2=" ">
			<subfield code="a">GBV-deGruyter-alles</subfield>
		</datafield>
		<datafield tag="912" ind1=" " ind2=" ">
			<subfield code="a">GBV-deGruyter-PDA11SSHE</subfield>
		</datafield>
		<datafield tag="912" ind1=" " ind2=" ">
			<subfield code="a">GBV-deGruyter-PDA14ALL</subfield>
		</datafield>
		<datafield tag="912" ind1=" " ind2=" ">
			<subfield code="a">GBV-deGruyter-PDA16SSH</subfield>
		</datafield>
		<datafield tag="912" ind1=" " ind2=" ">
			<subfield code="a">GBV-deGruyter-PDA1ALL</subfield>
		</datafield>
		<datafield tag="912" ind1=" " ind2=" ">
			<subfield code="a">GBV-deGruyter-PDA2</subfield>
		</datafield>
		<datafield tag="912" ind1=" " ind2=" ">
			<subfield code="a">GBV-deGruyter-PDA2HUM</subfield>
		</datafield>
		<datafield tag="912" ind1=" " ind2=" ">
			<subfield code="a">GBV-deGruyter-PDA5EBK</subfield>
		</datafield>
		<datafield tag="912" ind1=" " ind2=" ">
			<subfield code="a">ZDB-23-DGD</subfield>
			<subfield code="b">2018</subfield>
		</datafield>
		<datafield tag="912" ind1=" " ind2=" ">
			<subfield code="a">ZDB-23-DGG</subfield>
			<subfield code="b">2018</subfield>
		</datafield>
	</record>