
	<record xmlns="http://www.loc.gov/MARC21/slim">
		<leader>06301nam a22007335i 4500</leader>
		<controlfield tag="001">9783110584844</controlfield>
		<controlfield tag="003">DE-B1597</controlfield>
		<controlfield tag="005">20180327123002.0</controlfield>
		<controlfield tag="006">m|||||o||d||||||||</controlfield>
		<controlfield tag="007">cr || ||||||||</controlfield>
		<controlfield tag="008">180327s2018    gw     fo  d z      eng d</controlfield>
		<datafield tag="020" ind1=" " ind2=" ">
			<subfield code="a">9783110584844</subfield>
		</datafield>
		<datafield tag="024" ind1="7" ind2=" ">
			<subfield code="a">10.1515/9783110584844</subfield>
			<subfield code="2">doi</subfield>
		</datafield>
		<datafield tag="035" ind1=" " ind2=" ">
			<subfield code="a">(DE-B1597)490992</subfield>
		</datafield>
		<datafield tag="040" ind1=" " ind2=" ">
			<subfield code="a">DE-B1597</subfield>
			<subfield code="b">eng</subfield>
			<subfield code="c">DE-B1597</subfield>
			<subfield code="e">rda</subfield>
		</datafield>
		<datafield tag="041" ind1="0" ind2=" ">
			<subfield code="a">eng</subfield>
		</datafield>
		<datafield tag="044" ind1=" " ind2=" ">
			<subfield code="a">gw</subfield>
			<subfield code="c">DE</subfield>
		</datafield>
		<datafield tag="072" ind1=" " ind2="7">
			<subfield code="a">LIT004190</subfield>
			<subfield code="2">bisacsh</subfield>
		</datafield>
		<datafield tag="245" ind1="0" ind2="0">
			<subfield code="a">Polybius and His Legacy /</subfield>
			<subfield code="c">Nikos Miltsios, Melina Tamiolaki.</subfield>
		</datafield>
		<datafield tag="264" ind1=" " ind2="1">
			<subfield code="a">Berlin ;Boston : </subfield>
			<subfield code="b">De Gruyter, </subfield>
			<subfield code="c">[2018]</subfield>
		</datafield>
		<datafield tag="264" ind1=" " ind2="4">
			<subfield code="c">©2018</subfield>
		</datafield>
		<datafield tag="300" ind1=" " ind2=" ">
			<subfield code="a">1 online resource (465 p.)</subfield>
		</datafield>
		<datafield tag="336" ind1=" " ind2=" ">
			<subfield code="a">text</subfield>
			<subfield code="b">txt</subfield>
			<subfield code="2">rdacontent</subfield>
		</datafield>
		<datafield tag="337" ind1=" " ind2=" ">
			<subfield code="a">computer</subfield>
			<subfield code="b">c</subfield>
			<subfield code="2">rdamedia</subfield>
		</datafield>
		<datafield tag="338" ind1=" " ind2=" ">
			<subfield code="a">online resource</subfield>
			<subfield code="b">cr</subfield>
			<subfield code="2">rdacarrier</subfield>
		</datafield>
		<datafield tag="347" ind1=" " ind2=" ">
			<subfield code="a">text file</subfield>
			<subfield code="b">PDF</subfield>
			<subfield code="2">rda</subfield>
		</datafield>
		<datafield tag="490" ind1="0" ind2=" ">
			<subfield code="a">Trends in Classics - Supplementary Volumes ;</subfield>
			<subfield code="v">60</subfield>
		</datafield>
		<datafield tag="505" ind1="0" ind2="0">
			<subfield code="t">Frontmatter -- </subfield>
			<subfield code="t">Preface / </subfield>
			<subfield code="r">Miltsios, Nikos / Tamiolaki, Melina -- </subfield>
			<subfield code="t">Contents -- </subfield>
			<subfield code="t">Introduction -- </subfield>
			<subfield code="t">Part I: Key Themes and Ideas -- </subfield>
			<subfield code="t">Polybius and Ethnicity / </subfield>
			<subfield code="r">Gruen, Erich S. -- </subfield>
			<subfield code="t">Polybian Barbarology,Flute-Playing in Arcadia, and Fisticuffs at Rome / </subfield>
			<subfield code="r">Champion, Craige -- </subfield>
			<subfield code="t">Polybius and the Tyrants of Syracuse / </subfield>
			<subfield code="r">Bearzot, Cinzia -- </subfield>
			<subfield code="t">Past and Present as paradoxon theōrēma in Polybius / </subfield>
			<subfield code="r">Maier, Felix K. -- </subfield>
			<subfield code="t">Praise in Polybius / </subfield>
			<subfield code="r">Gibson, Bruce -- </subfield>
			<subfield code="t">Being, Seeming and Performing in Polybius / </subfield>
			<subfield code="r">Hau, Lisa I. -- </subfield>
			<subfield code="t">Part II: Narrative and Structure -- </subfield>
			<subfield code="t">A Survey on the Speeches in Polybius / </subfield>
			<subfield code="r">Nicolai, Roberto -- </subfield>
			<subfield code="t">Documents and Narrative: Reading the Roman-Carthaginian Treaties in Polybius’ Histories / </subfield>
			<subfield code="r">Wiater, Nicolas -- </subfield>
			<subfield code="t">Incomplete and Disconnected: Polybius, Digression, and its Historiographical Afterlife / </subfield>
			<subfield code="r">Khellaf, Kyle -- </subfield>
			<subfield code="t">The Historian’s Craft: Narrative Strategies and Historical Method in Polybius and Livy / </subfield>
			<subfield code="r">Baron, Christopher -- </subfield>
			<subfield code="t">Part III: Intertextual Relationships -- </subfield>
			<subfield code="t">Polybius and Xenophon: Hannibal and Cyrus the Great as Model Leaders / </subfield>
			<subfield code="r">Seretaki, Maria / Tamiolaki, Melina -- </subfield>
			<subfield code="t">The Εncomium of Philopoemen and its Ιsocratic Βackground / </subfield>
			<subfield code="r">Alexiou, Evangelos -- </subfield>
			<subfield code="t">Polybius and Biography / </subfield>
			<subfield code="r">Tsakmakis, Antonis -- </subfield>
			<subfield code="t">Polybius and the Legacy of Fourth-Century Historiography / </subfield>
			<subfield code="r">Parmeggiani, Giovanni -- </subfield>
			<subfield code="t">Polybius and Fifth-Century Historiography: Continuity and Diversity in the Presentation of Historical Deeds / </subfield>
			<subfield code="r">Scardino, Carlo -- </subfield>
			<subfield code="t">Part IV: Reception -- </subfield>
			<subfield code="t">Polybius and Arrian: The Cases of Philip V and Alexander the Great / </subfield>
			<subfield code="r">Miltsios, Nikos -- </subfield>
			<subfield code="t">Appian, the Third Punic War and Polybius -- </subfield>
			<subfield code="t">Lost in Reception? Polybius’ Paradoxical Impact on Writing History in Republican Rome / </subfield>
			<subfield code="r">Pausch, Dennis -- </subfield>
			<subfield code="t">Odysseus, Rome, and the First Punic War in Polybius’ Histories / </subfield>
			<subfield code="r">Biggs, Thomas -- </subfield>
			<subfield code="t">Silius Italicus and Polybius: Quellenforschung and Silian Poetics / </subfield>
			<subfield code="r">Karakasis, Evangelos -- </subfield>
			<subfield code="t">Polybius and Oscar Wilde: Pragmatike Historia in Nineteenth Century Oxford / </subfield>
			<subfield code="r">Pitcher, Luke -- </subfield>
			<subfield code="t">List of Contributors -- </subfield>
			<subfield code="t">General Index</subfield>
		</datafield>
		<datafield tag="520" ind1=" " ind2=" ">
			<subfield code="a">Although scholars continue to address old questions about Polybius, it is clear that they are also turning their attention to aspects of his history that have been inadequately dealt with in the past or have even gone largely unnoticed. Polybius' history is increasingly treated not just as a source of valuable information on the impressive expansion of Roman rule in the Mediterranean world, but also as a complex and nuanced narrative with its own interests and purposes. Moreover, since (apart from Livy's use of Polybius, which has been thoroughly discussed) most studies of Polybius' reception focus on the modern world, especially in relation to the theory of mixed constitutions, finding out more about Polybius' impact on ancient Greek and Roman authors remains a major desideratum. This volume brings together contributions which, in either posing new questions or reformulating old ones, attest both to the ardent scholarly interest currently directed toward Polybius and to the variety of hermeneutical issues raised by his work. Subjects discussed include Polybius' historical ideas, his methods of composition, his views on the role of the historian, his representation of cultural difference, his intertextual affinities, and his reception and influence. Taken together, the papers in this collection attempt to promote a deeper understanding of the qualities and peculiarities of Polybius' history, as well as to offer fresh insights into the interpretation of this important work. </subfield>
		</datafield>
		<datafield tag="538" ind1=" " ind2=" ">
			<subfield code="a">Mode of access: Internet via World Wide Web.</subfield>
		</datafield>
		<datafield tag="546" ind1=" " ind2=" ">
			<subfield code="a">In English.</subfield>
		</datafield>
		<datafield tag="588" ind1="0" ind2=" ">
			<subfield code="a">Description based on online resource; title from PDF title page (publisher's Web site, viewed 27. Mrz 2018)</subfield>
		</datafield>
		<datafield tag="650" ind1=" " ind2="4">
			<subfield code="a"> intertextuality.</subfield>
		</datafield>
		<datafield tag="650" ind1=" " ind2="4">
			<subfield code="a"> narrative.</subfield>
		</datafield>
		<datafield tag="650" ind1=" " ind2="4">
			<subfield code="a"> reception.</subfield>
		</datafield>
		<datafield tag="650" ind1=" " ind2="4">
			<subfield code="a">Intertextualität.</subfield>
		</datafield>
		<datafield tag="650" ind1=" " ind2="4">
			<subfield code="a">Polybios.</subfield>
		</datafield>
		<datafield tag="650" ind1=" " ind2="4">
			<subfield code="a">Polybius.</subfield>
		</datafield>
		<datafield tag="650" ind1=" " ind2="4">
			<subfield code="a">Rezeption.</subfield>
		</datafield>
		<datafield tag="700" ind1="1" ind2=" ">
			<subfield code="a">Miltsios, Nikos, </subfield>
			<subfield code="e">editor.</subfield>
		</datafield>
		<datafield tag="700" ind1="1" ind2=" ">
			<subfield code="a">Tamiolaki, Melina, </subfield>
			<subfield code="e">editor.</subfield>
		</datafield>
		<datafield tag="773" ind1="0" ind2="8">
			<subfield code="i">Title is part of eBook package:</subfield>
			<subfield code="d">De Gruyter</subfield>
			<subfield code="t">EBOOK PACKAGE Classical Studies 2018 English</subfield>
			<subfield code="z">9783110604009</subfield>
		</datafield>
		<datafield tag="773" ind1="0" ind2="8">
			<subfield code="i">Title is part of eBook package:</subfield>
			<subfield code="d">De Gruyter</subfield>
			<subfield code="t">EBOOK PACKAGE Classical Studies 2018</subfield>
			<subfield code="z">9783110603095</subfield>
			<subfield code="o">ZDB-23-DGD</subfield>
		</datafield>
		<datafield tag="773" ind1="0" ind2="8">
			<subfield code="i">Title is part of eBook package:</subfield>
			<subfield code="d">De Gruyter</subfield>
			<subfield code="t">EBOOK PACKAGE COMPLETE 2018 English</subfield>
			<subfield code="z">9783110604252</subfield>
		</datafield>
		<datafield tag="773" ind1="0" ind2="8">
			<subfield code="i">Title is part of eBook package:</subfield>
			<subfield code="d">De Gruyter</subfield>
			<subfield code="t">EBOOK PACKAGE COMPLETE 2018</subfield>
			<subfield code="z">9783110603255</subfield>
			<subfield code="o">ZDB-23-DGG</subfield>
		</datafield>
		<datafield tag="776" ind1="0" ind2=" ">
			<subfield code="c">EPUB</subfield>
			<subfield code="z">978-3-11-058479-0</subfield>
		</datafield>
		<datafield tag="776" ind1="0" ind2=" ">
			<subfield code="c">print</subfield>
			<subfield code="z">9783110583977</subfield>
		</datafield>
		<datafield tag="856" ind1="4" ind2="0">
			<subfield code="u">https://doi.org/10.1515/9783110584844</subfield>
		</datafield>
		<datafield tag="856" ind1="4" ind2="2">
			<subfield code="3">Cover</subfield>
			<subfield code="u">https://www.degruyter.com/doc/cover/9783110584844.jpg</subfield>
		</datafield>
		<datafield tag="912" ind1=" " ind2=" ">
			<subfield code="a">978-3-11-060400-9  EBOOK PACKAGE Classical Studies 2018 English</subfield>
			<subfield code="b">2018</subfield>
		</datafield>
		<datafield tag="912" ind1=" " ind2=" ">
			<subfield code="a">978-3-11-060425-2  EBOOK PACKAGE COMPLETE 2018 English</subfield>
			<subfield code="b">2018</subfield>
		</datafield>
		<datafield tag="912" ind1=" " ind2=" ">
			<subfield code="a">GBV-deGruyter-alles</subfield>
		</datafield>
		<datafield tag="912" ind1=" " ind2=" ">
			<subfield code="a">GBV-deGruyter-PDA11SSHE</subfield>
		</datafield>
		<datafield tag="912" ind1=" " ind2=" ">
			<subfield code="a">GBV-deGruyter-PDA13ENGE</subfield>
		</datafield>
		<datafield tag="912" ind1=" " ind2=" ">
			<subfield code="a">GBV-deGruyter-PDA14ALL</subfield>
		</datafield>
		<datafield tag="912" ind1=" " ind2=" ">
			<subfield code="a">GBV-deGruyter-PDA16SSH</subfield>
		</datafield>
		<datafield tag="912" ind1=" " ind2=" ">
			<subfield code="a">GBV-deGruyter-PDA17SSHEE</subfield>
		</datafield>
		<datafield tag="912" ind1=" " ind2=" ">
			<subfield code="a">GBV-deGruyter-PDA1ALL</subfield>
		</datafield>
		<datafield tag="912" ind1=" " ind2=" ">
			<subfield code="a">GBV-deGruyter-PDA2</subfield>
		</datafield>
		<datafield tag="912" ind1=" " ind2=" ">
			<subfield code="a">GBV-deGruyter-PDA2HUM</subfield>
		</datafield>
		<datafield tag="912" ind1=" " ind2=" ">
			<subfield code="a">GBV-deGruyter-PDA5EBK</subfield>
		</datafield>
		<datafield tag="912" ind1=" " ind2=" ">
			<subfield code="a">GBV-deGruyter-PDA7ENG</subfield>
		</datafield>
		<datafield tag="912" ind1=" " ind2=" ">
			<subfield code="a">ZDB-23-DGD</subfield>
			<subfield code="b">2018</subfield>
		</datafield>
		<datafield tag="912" ind1=" " ind2=" ">
			<subfield code="a">ZDB-23-DGG</subfield>
			<subfield code="b">2018</subfield>
		</datafield>
	</record>