
	<record xmlns="http://www.loc.gov/MARC21/slim">
		<leader>04304nam a22007335i 4500</leader>
		<controlfield tag="001">9783110589122</controlfield>
		<controlfield tag="003">DE-B1597</controlfield>
		<controlfield tag="005">20180327123002.0</controlfield>
		<controlfield tag="006">m|||||o||d||||||||</controlfield>
		<controlfield tag="007">cr || ||||||||</controlfield>
		<controlfield tag="008">180327s2018    gw     fo  d z      ger d</controlfield>
		<datafield tag="020" ind1=" " ind2=" ">
			<subfield code="a">9783110589122</subfield>
		</datafield>
		<datafield tag="024" ind1="7" ind2=" ">
			<subfield code="a">10.1515/9783110589122</subfield>
			<subfield code="2">doi</subfield>
		</datafield>
		<datafield tag="035" ind1=" " ind2=" ">
			<subfield code="a">(DE-B1597)491595</subfield>
		</datafield>
		<datafield tag="040" ind1=" " ind2=" ">
			<subfield code="a">DE-B1597</subfield>
			<subfield code="b">eng</subfield>
			<subfield code="c">DE-B1597</subfield>
			<subfield code="e">rda</subfield>
		</datafield>
		<datafield tag="041" ind1="0" ind2=" ">
			<subfield code="a">ger</subfield>
		</datafield>
		<datafield tag="044" ind1=" " ind2=" ">
			<subfield code="a">gw</subfield>
			<subfield code="c">DE</subfield>
		</datafield>
		<datafield tag="050" ind1="1" ind2="0">
			<subfield code="a">P325.5.O55</subfield>
		</datafield>
		<datafield tag="072" ind1=" " ind2="7">
			<subfield code="a">LAN009000</subfield>
			<subfield code="2">bisacsh</subfield>
		</datafield>
		<datafield tag="072" ind1=" " ind2="7">
			<subfield code="a">SOC032000</subfield>
			<subfield code="2">bisacsh</subfield>
		</datafield>
		<datafield tag="082" ind1="0" ind2="0">
			<subfield code="a">929.9/7094</subfield>
			<subfield code="2">23</subfield>
		</datafield>
		<datafield tag="245" ind1="0" ind2="0">
			<subfield code="a">Namen und Geschlechter :</subfield>
			<subfield code="b">Studien zum onymischen Un/doing Gender /</subfield>
			<subfield code="c">Damaris Nübling, Stefan Hirschauer.</subfield>
		</datafield>
		<datafield tag="264" ind1=" " ind2="1">
			<subfield code="a">Berlin ;Boston : </subfield>
			<subfield code="b">De Gruyter, </subfield>
			<subfield code="c">[2018]</subfield>
		</datafield>
		<datafield tag="264" ind1=" " ind2="4">
			<subfield code="c">©2018</subfield>
		</datafield>
		<datafield tag="300" ind1=" " ind2=" ">
			<subfield code="a">1 online resource (336 p.)</subfield>
		</datafield>
		<datafield tag="336" ind1=" " ind2=" ">
			<subfield code="a">text</subfield>
			<subfield code="b">txt</subfield>
			<subfield code="2">rdacontent</subfield>
		</datafield>
		<datafield tag="337" ind1=" " ind2=" ">
			<subfield code="a">computer</subfield>
			<subfield code="b">c</subfield>
			<subfield code="2">rdamedia</subfield>
		</datafield>
		<datafield tag="338" ind1=" " ind2=" ">
			<subfield code="a">online resource</subfield>
			<subfield code="b">cr</subfield>
			<subfield code="2">rdacarrier</subfield>
		</datafield>
		<datafield tag="347" ind1=" " ind2=" ">
			<subfield code="a">text file</subfield>
			<subfield code="b">PDF</subfield>
			<subfield code="2">rda</subfield>
		</datafield>
		<datafield tag="490" ind1="0" ind2=" ">
			<subfield code="a">Linguistik – Impulse &amp; Tendenzen ;</subfield>
			<subfield code="v">76</subfield>
		</datafield>
		<datafield tag="505" ind1="0" ind2="0">
			<subfield code="t">Frontmatter -- </subfield>
			<subfield code="t">Vorwort und Danksagung -- </subfield>
			<subfield code="t">Inhalt -- </subfield>
			<subfield code="t">Sprachen sprechen, Namen nennen, Geschlecht praktizieren – oder auch nicht / </subfield>
			<subfield code="r">Hirschauer, Stefan / Nübling, Damaris -- </subfield>
			<subfield code="t">Erst- und Umbenennung -- </subfield>
			<subfield code="t">Personennamen als verkörperte Wissensansprüche / </subfield>
			<subfield code="r">Siegfried, Inga -- </subfield>
			<subfield code="t">Der Rufnamenwechsel als performativer Akt der Transgression / </subfield>
			<subfield code="r">Schmidt-Jüngst, Miriam -- </subfield>
			<subfield code="t">Protonamen und die sprachliche Personalisierung Ungeborener / </subfield>
			<subfield code="r">Hoffmann, Anika -- </subfield>
			<subfield code="t">Die (Ir-)Relevanz von Geschlecht bei Pränatalnamen / </subfield>
			<subfield code="r">Zastrow, Anne -- </subfield>
			<subfield code="t">Benennungen in Beziehungen -- </subfield>
			<subfield code="t">Zur Verwendung inoffizieller Personennamen in Glückwunsch- und Gratulationsanzeigen / </subfield>
			<subfield code="r">Ewald, Petra / Möws, Laura -- </subfield>
			<subfield code="t">Muckelchen oder Süßer? / </subfield>
			<subfield code="r">Dammel, Antje / Niekrenz, Yvonne / Rapp, Andrea / Wyss, Eva L. -- </subfield>
			<subfield code="t">Em Stefanie sei Mann – Frauen im Neutrum / </subfield>
			<subfield code="r">Busley, Simone / Fritzinger, Julia -- </subfield>
			<subfield code="t">Geschlechtertransgression und Geschlechterindifferenz -- </subfield>
			<subfield code="t">Nachbenennungen über die Geschlechtergrenze / </subfield>
			<subfield code="r">Rolker, Christof -- </subfield>
			<subfield code="t">Luca und Noah – Das phonologische Degendering von Jungennamen seit der Jahrtausendwende / </subfield>
			<subfield code="r">Nübling, Damaris -- </subfield>
			<subfield code="t">Deutsche und niederländische Unisexnamen / </subfield>
			<subfield code="r">Schmuck, Mirjam -- </subfield>
			<subfield code="t">Swedish teenagers’ attitudes on unisex and gender-crossing first names / </subfield>
			<subfield code="r">Leibring, Katharina -- </subfield>
			<subfield code="t">Index</subfield>
		</datafield>
		<datafield tag="520" ind1=" " ind2=" ">
			<subfield code="a">Personennamen leisten den größten Anteil an der sprachlichen Herstellung zweier Geschlechter. Die Beiträge dieses Bandes beleuchten diese Leistung aus linguistisch-onomastischer, soziologischer und historischer Sicht. Sie untersuchen u.a. inoffizielle Namen in Nahbeziehungen, die Benennung Ungeborener, die Umbenennung Transsexueller, deutsche, niederländische und schwedische Unisexnamen sowie das phonologische Degendering von Jungenamen der jüngeren Zeit. </subfield>
		</datafield>
		<datafield tag="538" ind1=" " ind2=" ">
			<subfield code="a">Mode of access: Internet via World Wide Web.</subfield>
		</datafield>
		<datafield tag="546" ind1=" " ind2=" ">
			<subfield code="a">In German.</subfield>
		</datafield>
		<datafield tag="588" ind1="0" ind2=" ">
			<subfield code="a">Description based on online resource; title from PDF title page (publisher's Web site, viewed 27. Mrz 2018)</subfield>
		</datafield>
		<datafield tag="650" ind1=" " ind2="0">
			<subfield code="a">Feminine names</subfield>
			<subfield code="z">Europe</subfield>
			<subfield code="v">Case studies.</subfield>
		</datafield>
		<datafield tag="650" ind1=" " ind2="0">
			<subfield code="a">Masculine names</subfield>
			<subfield code="z">Europe</subfield>
			<subfield code="v">Case studies.</subfield>
		</datafield>
		<datafield tag="650" ind1=" " ind2="0">
			<subfield code="a">Names, Personal</subfield>
			<subfield code="x">Social aspects</subfield>
			<subfield code="z">Europe</subfield>
			<subfield code="v">Case studies.</subfield>
		</datafield>
		<datafield tag="650" ind1=" " ind2="0">
			<subfield code="a">Onomasiology</subfield>
			<subfield code="z">Europe</subfield>
			<subfield code="v">Case studies.</subfield>
		</datafield>
		<datafield tag="650" ind1=" " ind2="4">
			<subfield code="a">Gender (Studies).</subfield>
		</datafield>
		<datafield tag="650" ind1=" " ind2="4">
			<subfield code="a">Gender.</subfield>
		</datafield>
		<datafield tag="650" ind1=" " ind2="4">
			<subfield code="a">Geschlechterforschung.</subfield>
		</datafield>
		<datafield tag="650" ind1=" " ind2="4">
			<subfield code="a">Namen.</subfield>
		</datafield>
		<datafield tag="650" ind1=" " ind2="4">
			<subfield code="a">Names.</subfield>
		</datafield>
		<datafield tag="650" ind1=" " ind2="4">
			<subfield code="a">Onomastics.</subfield>
		</datafield>
		<datafield tag="650" ind1=" " ind2="4">
			<subfield code="a">Onomastik.</subfield>
		</datafield>
		<datafield tag="700" ind1="1" ind2=" ">
			<subfield code="a">Hirschauer, Stefan, </subfield>
			<subfield code="e">editor.</subfield>
		</datafield>
		<datafield tag="700" ind1="1" ind2=" ">
			<subfield code="a">Nübling, Damaris, </subfield>
			<subfield code="e">editor.</subfield>
		</datafield>
		<datafield tag="773" ind1="0" ind2="8">
			<subfield code="i">Title is part of eBook package:</subfield>
			<subfield code="d">De Gruyter</subfield>
			<subfield code="t">EBOOK PACKAGE COMPLETE 2018</subfield>
			<subfield code="z">9783110603255</subfield>
			<subfield code="o">ZDB-23-DGG</subfield>
		</datafield>
		<datafield tag="773" ind1="0" ind2="8">
			<subfield code="i">Title is part of eBook package:</subfield>
			<subfield code="d">De Gruyter</subfield>
			<subfield code="t">EBOOK PACKAGE Linguistics 2018</subfield>
			<subfield code="z">9783110603170</subfield>
			<subfield code="o">ZDB-23-DSP</subfield>
		</datafield>
		<datafield tag="776" ind1="0" ind2=" ">
			<subfield code="c">EPUB</subfield>
			<subfield code="z">978-3-11-058696-1</subfield>
		</datafield>
		<datafield tag="776" ind1="0" ind2=" ">
			<subfield code="c">print</subfield>
			<subfield code="z">9783110586855</subfield>
		</datafield>
		<datafield tag="856" ind1="4" ind2="0">
			<subfield code="u">https://doi.org/10.1515/9783110589122</subfield>
		</datafield>
		<datafield tag="856" ind1="4" ind2="2">
			<subfield code="3">Cover</subfield>
			<subfield code="u">https://www.degruyter.com/doc/cover/9783110589122.jpg</subfield>
		</datafield>
		<datafield tag="912" ind1=" " ind2=" ">
			<subfield code="a">GBV-deGruyter-alles</subfield>
		</datafield>
		<datafield tag="912" ind1=" " ind2=" ">
			<subfield code="a">GBV-deGruyter-PDA11SSHE</subfield>
		</datafield>
		<datafield tag="912" ind1=" " ind2=" ">
			<subfield code="a">GBV-deGruyter-PDA14ALL</subfield>
		</datafield>
		<datafield tag="912" ind1=" " ind2=" ">
			<subfield code="a">GBV-deGruyter-PDA16SSH</subfield>
		</datafield>
		<datafield tag="912" ind1=" " ind2=" ">
			<subfield code="a">GBV-deGruyter-PDA1ALL</subfield>
		</datafield>
		<datafield tag="912" ind1=" " ind2=" ">
			<subfield code="a">GBV-deGruyter-PDA2</subfield>
		</datafield>
		<datafield tag="912" ind1=" " ind2=" ">
			<subfield code="a">GBV-deGruyter-PDA2HUM</subfield>
		</datafield>
		<datafield tag="912" ind1=" " ind2=" ">
			<subfield code="a">GBV-deGruyter-PDA5EBK</subfield>
		</datafield>
		<datafield tag="912" ind1=" " ind2=" ">
			<subfield code="a">ZDB-23-DGG</subfield>
			<subfield code="b">2018</subfield>
		</datafield>
		<datafield tag="912" ind1=" " ind2=" ">
			<subfield code="a">ZDB-23-DSP</subfield>
			<subfield code="b">2018</subfield>
		</datafield>
	</record>