
	<record xmlns="http://www.loc.gov/MARC21/slim">
		<leader>04242nam a22005895i 4500</leader>
		<controlfield tag="001">9783110594188</controlfield>
		<controlfield tag="003">DE-B1597</controlfield>
		<controlfield tag="005">20180327123002.0</controlfield>
		<controlfield tag="006">m|||||o||d||||||||</controlfield>
		<controlfield tag="007">cr || ||||||||</controlfield>
		<controlfield tag="008">180327s2018    gw     fo  d z      ger d</controlfield>
		<datafield tag="020" ind1=" " ind2=" ">
			<subfield code="a">9783110594188</subfield>
		</datafield>
		<datafield tag="024" ind1="7" ind2=" ">
			<subfield code="a">10.1515/9783110594188</subfield>
			<subfield code="2">doi</subfield>
		</datafield>
		<datafield tag="035" ind1=" " ind2=" ">
			<subfield code="a">(DE-B1597)493631</subfield>
		</datafield>
		<datafield tag="040" ind1=" " ind2=" ">
			<subfield code="a">DE-B1597</subfield>
			<subfield code="b">eng</subfield>
			<subfield code="c">DE-B1597</subfield>
			<subfield code="e">rda</subfield>
		</datafield>
		<datafield tag="041" ind1="0" ind2=" ">
			<subfield code="a">ger</subfield>
		</datafield>
		<datafield tag="044" ind1=" " ind2=" ">
			<subfield code="a">gw</subfield>
			<subfield code="c">DE</subfield>
		</datafield>
		<datafield tag="050" ind1="1" ind2="0">
			<subfield code="a">PN73</subfield>
		</datafield>
		<datafield tag="072" ind1=" " ind2="7">
			<subfield code="a">BUS100000</subfield>
			<subfield code="2">bisacsh</subfield>
		</datafield>
		<datafield tag="072" ind1=" " ind2="7">
			<subfield code="a">LIT000000</subfield>
			<subfield code="2">bisacsh</subfield>
		</datafield>
		<datafield tag="072" ind1=" " ind2="7">
			<subfield code="a">LIT004130</subfield>
			<subfield code="2">bisacsh</subfield>
		</datafield>
		<datafield tag="072" ind1=" " ind2="7">
			<subfield code="a">LIT004170</subfield>
			<subfield code="2">bisacsh</subfield>
		</datafield>
		<datafield tag="082" ind1="0" ind2="0">
			<subfield code="a">807.2</subfield>
			<subfield code="2">23</subfield>
		</datafield>
		<datafield tag="245" ind1="0" ind2="0">
			<subfield code="a">Archive für Literatur :</subfield>
			<subfield code="b">Der Nachlass und seine Ordnungen /</subfield>
			<subfield code="c">Petra-Maria Dallinger, Georg Hofer, Bernhard Judex.</subfield>
		</datafield>
		<datafield tag="264" ind1=" " ind2="1">
			<subfield code="a">Berlin ;Boston : </subfield>
			<subfield code="b">De Gruyter, </subfield>
			<subfield code="c">[2018]</subfield>
		</datafield>
		<datafield tag="264" ind1=" " ind2="4">
			<subfield code="c">©2018</subfield>
		</datafield>
		<datafield tag="300" ind1=" " ind2=" ">
			<subfield code="a">1 online resource </subfield>
		</datafield>
		<datafield tag="336" ind1=" " ind2=" ">
			<subfield code="a">text</subfield>
			<subfield code="b">txt</subfield>
			<subfield code="2">rdacontent</subfield>
		</datafield>
		<datafield tag="337" ind1=" " ind2=" ">
			<subfield code="a">computer</subfield>
			<subfield code="b">c</subfield>
			<subfield code="2">rdamedia</subfield>
		</datafield>
		<datafield tag="338" ind1=" " ind2=" ">
			<subfield code="a">online resource</subfield>
			<subfield code="b">cr</subfield>
			<subfield code="2">rdacarrier</subfield>
		</datafield>
		<datafield tag="347" ind1=" " ind2=" ">
			<subfield code="a">text file</subfield>
			<subfield code="b">PDF</subfield>
			<subfield code="2">rda</subfield>
		</datafield>
		<datafield tag="490" ind1="0" ind2=" ">
			<subfield code="a">Literatur und Archiv ;</subfield>
			<subfield code="v">2</subfield>
		</datafield>
		<datafield tag="505" ind1="0" ind2="0">
			<subfield code="t">Frontmatter -- </subfield>
			<subfield code="t">Inhalt -- </subfield>
			<subfield code="t">Vorwort / </subfield>
			<subfield code="r">Dallinger, Petra-Maria / Hofer, Georg / Judex, Bernhard / Maurer, Stefan -- </subfield>
			<subfield code="t">Getrennte Welten? Über Literaturarchive und Archivwissenschaft / </subfield>
			<subfield code="r">Schenk, Dietmar -- </subfield>
			<subfield code="t">Zur Epistemologie amtlicher und literarischer Aufzeichnungen / </subfield>
			<subfield code="r">Berwinkel, Holger -- </subfield>
			<subfield code="t">Objektartdefinierte Archive / </subfield>
			<subfield code="r">Keitel, Christian -- </subfield>
			<subfield code="t">Das Literaturarchiv – Vorgeschichte(n) eines Spätlings / </subfield>
			<subfield code="r">Lütteken, Anett -- </subfield>
			<subfield code="t">Vom Rohen zum Gekochten: zur Ordnung des Nachlasses / </subfield>
			<subfield code="r">Thaler, Jürgen -- </subfield>
			<subfield code="t">Das Unbewusste einer Bibliothek / </subfield>
			<subfield code="r">Ebeling, Knut -- </subfield>
			<subfield code="t">Das Literaturarchiv als Laboratorium der Kulturforschung / </subfield>
			<subfield code="r">Kopp-Oberstebrink, Herbert -- </subfield>
			<subfield code="t">Performative Philologie / </subfield>
			<subfield code="r">Wirth, Uwe -- </subfield>
			<subfield code="t">Franz Grillparzer: Hauptberuf! Beamter – Nebenberuf? Dichter / </subfield>
			<subfield code="r">Mikoletzky, Lorenz -- </subfield>
			<subfield code="t">Im Dialog mit der Nachwelt / </subfield>
			<subfield code="r">Grond-Rigler, Christine -- </subfield>
			<subfield code="t">Zitate, die Geschichte machen. Heimrad Bäckers nachschrift / </subfield>
			<subfield code="r">Huber, Florian -- </subfield>
			<subfield code="t">Denkmöbel / </subfield>
			<subfield code="r">Krajewski, Markus -- </subfield>
			<subfield code="t">Ideengeschichte im Literaturarchiv / </subfield>
			<subfield code="r">Raulff, Ulrich -- </subfield>
			<subfield code="t">Verzeichnis der Autorinnen und Autoren -- </subfield>
			<subfield code="t">Abbildungsnachweis</subfield>
		</datafield>
		<datafield tag="506" ind1="0" ind2=" ">
			<subfield code="a">Open Access.</subfield>
		</datafield>
		<datafield tag="520" ind1=" " ind2=" ">
			<subfield code="a">Ausgehend von Wilhelm Diltheys maßgeblichem Aufsatz „Archive für Literatur“ (1889), befassen sich die Beiträge des Sammelbandes mit Fragen zur (Ideen-)Geschichte des Literaturarchivs, seinen institutionellen Hintergründen, Bedingungen und Voraussetzungen sowie einer möglichen Theorie des Literaturarchivs im Rahmen einer allgemeiner gedachten ,Archivologie‘. Was überhaupt ist ein Nachlass? Nach welchen Prinzipien ist er geformt? Wer bestimmt, was von einer literarischen Hinterlassenschaft bleibt und ins Archiv genommen wird? Wie steht es um das Verhältnis von Kanon und Literaturarchiv? Wie setzt sich in der archivtechnischen Ordnung des Nachlasses die reale Arbeitsumgebung des Dichters um? Was bleibt von der ,Werkstatt des Dichters‘ in den Ordnungen des Archivs? „Archive für Literatur. Der Nachlass und seine Ordnungen“ ist Band zwei der Reihe „Literatur und Archiv“, die im Kreuzungsbereich der beiden Begriffe ein gemeinsames Gesprächsfeld zwischen Literatur- und Editionswissenschaft, Archiv- und Kulturwissenschaft sowie der Praxis heutiger Archive etabliert. </subfield>
		</datafield>
		<datafield tag="538" ind1=" " ind2=" ">
			<subfield code="a">Mode of access: Internet via World Wide Web.</subfield>
		</datafield>
		<datafield tag="540" ind1=" " ind2=" ">
			<subfield code="a">This eBook is made available Open Access under a CC BY-NC-ND 4.0 license: </subfield>
			<subfield code="u">https://creativecommons.org/licenses/by-nc-nd/4.0 </subfield>
			<subfield code="u">https://www.degruyter.com/dg/page/open-access-policy</subfield>
		</datafield>
		<datafield tag="546" ind1=" " ind2=" ">
			<subfield code="a">In German.</subfield>
		</datafield>
		<datafield tag="588" ind1="0" ind2=" ">
			<subfield code="a">Description based on online resource; title from PDF title page (publisher's Web site, viewed 27. Mrz 2018)</subfield>
		</datafield>
		<datafield tag="650" ind1=" " ind2="0">
			<subfield code="a">Authors</subfield>
			<subfield code="x">Archival resources.</subfield>
		</datafield>
		<datafield tag="650" ind1=" " ind2="0">
			<subfield code="a">Literature</subfield>
			<subfield code="x">Archival resources.</subfield>
		</datafield>
		<datafield tag="650" ind1=" " ind2="4">
			<subfield code="a">Archiv.</subfield>
		</datafield>
		<datafield tag="700" ind1="1" ind2=" ">
			<subfield code="a">Dallinger, Petra-Maria, </subfield>
			<subfield code="e">editor.</subfield>
		</datafield>
		<datafield tag="700" ind1="1" ind2=" ">
			<subfield code="a">Hofer, Georg, </subfield>
			<subfield code="e">editor.</subfield>
		</datafield>
		<datafield tag="700" ind1="1" ind2=" ">
			<subfield code="a">Judex, Bernhard , </subfield>
			<subfield code="e">editor.</subfield>
		</datafield>
		<datafield tag="776" ind1="0" ind2=" ">
			<subfield code="c">EPUB</subfield>
			<subfield code="z">978-3-11-059201-6</subfield>
		</datafield>
		<datafield tag="776" ind1="0" ind2=" ">
			<subfield code="c">print</subfield>
			<subfield code="z">9783110591965</subfield>
		</datafield>
		<datafield tag="856" ind1="4" ind2="0">
			<subfield code="u">https://doi.org/10.1515/9783110594188</subfield>
			<subfield code="z">Open Access</subfield>
		</datafield>
		<datafield tag="856" ind1="4" ind2="2">
			<subfield code="3">Cover</subfield>
			<subfield code="u">https://www.degruyter.com/doc/cover/9783110594188.jpg</subfield>
		</datafield>
		<datafield tag="912" ind1=" " ind2=" ">
			<subfield code="a">GBV-deGruyter-alles</subfield>
		</datafield>
		<datafield tag="912" ind1=" " ind2=" ">
			<subfield code="a">GBV-deGruyter-OA</subfield>
		</datafield>
		<datafield tag="912" ind1=" " ind2=" ">
			<subfield code="a">ZDB-23-DGGOA</subfield>
		</datafield>
	</record>