
	<record xmlns="http://www.loc.gov/MARC21/slim">
		<leader>06654nam a22007095i 4500</leader>
		<controlfield tag="001">9783110595239</controlfield>
		<controlfield tag="003">DE-B1597</controlfield>
		<controlfield tag="005">20180327123002.0</controlfield>
		<controlfield tag="006">m|||||o||d||||||||</controlfield>
		<controlfield tag="007">cr || ||||||||</controlfield>
		<controlfield tag="008">180327s2018    gw     fo  d z      ger d</controlfield>
		<datafield tag="020" ind1=" " ind2=" ">
			<subfield code="a">9783110595239</subfield>
		</datafield>
		<datafield tag="024" ind1="7" ind2=" ">
			<subfield code="a">10.1515/9783110595239</subfield>
			<subfield code="2">doi</subfield>
		</datafield>
		<datafield tag="035" ind1=" " ind2=" ">
			<subfield code="a">(DE-B1597)493984</subfield>
		</datafield>
		<datafield tag="040" ind1=" " ind2=" ">
			<subfield code="a">DE-B1597</subfield>
			<subfield code="b">eng</subfield>
			<subfield code="c">DE-B1597</subfield>
			<subfield code="e">rda</subfield>
		</datafield>
		<datafield tag="041" ind1="0" ind2=" ">
			<subfield code="a">ger</subfield>
		</datafield>
		<datafield tag="044" ind1=" " ind2=" ">
			<subfield code="a">gw</subfield>
			<subfield code="c">DE</subfield>
		</datafield>
		<datafield tag="072" ind1=" " ind2="7">
			<subfield code="a">HIS014000</subfield>
			<subfield code="2">bisacsh</subfield>
		</datafield>
		<datafield tag="072" ind1=" " ind2="7">
			<subfield code="a">HIS037070</subfield>
			<subfield code="2">bisacsh</subfield>
		</datafield>
		<datafield tag="072" ind1=" " ind2="7">
			<subfield code="a">REL015000</subfield>
			<subfield code="2">bisacsh</subfield>
		</datafield>
		<datafield tag="072" ind1=" " ind2="7">
			<subfield code="a">REL067080</subfield>
			<subfield code="2">bisacsh</subfield>
		</datafield>
		<datafield tag="100" ind1="1" ind2=" ">
			<subfield code="a">Troeltsch, Ernst,</subfield>
			<subfield code="e">author.</subfield>
		</datafield>
		<datafield tag="245" ind1="1" ind2="0">
			<subfield code="a">Spectator-Briefe und Berliner Briefe (1919–1922) /</subfield>
			<subfield code="c">Ernst Troeltsch; Gangolf Hübinger.</subfield>
		</datafield>
		<datafield tag="264" ind1=" " ind2="1">
			<subfield code="a">Berlin ;Boston : </subfield>
			<subfield code="b">De Gruyter, </subfield>
			<subfield code="c">[2018]</subfield>
		</datafield>
		<datafield tag="264" ind1=" " ind2="4">
			<subfield code="c">©2018</subfield>
		</datafield>
		<datafield tag="300" ind1=" " ind2=" ">
			<subfield code="a">1 online resource (739 p.)</subfield>
		</datafield>
		<datafield tag="336" ind1=" " ind2=" ">
			<subfield code="a">text</subfield>
			<subfield code="b">txt</subfield>
			<subfield code="2">rdacontent</subfield>
		</datafield>
		<datafield tag="337" ind1=" " ind2=" ">
			<subfield code="a">computer</subfield>
			<subfield code="b">c</subfield>
			<subfield code="2">rdamedia</subfield>
		</datafield>
		<datafield tag="338" ind1=" " ind2=" ">
			<subfield code="a">online resource</subfield>
			<subfield code="b">cr</subfield>
			<subfield code="2">rdacarrier</subfield>
		</datafield>
		<datafield tag="347" ind1=" " ind2=" ">
			<subfield code="a">text file</subfield>
			<subfield code="b">PDF</subfield>
			<subfield code="2">rda</subfield>
		</datafield>
		<datafield tag="490" ind1="0" ind2=" ">
			<subfield code="a">de Gruyter Texte</subfield>
		</datafield>
		<datafield tag="505" ind1="0" ind2="0">
			<subfield code="t">Frontmatter -- </subfield>
			<subfield code="t">Vorwort zur Taschenbuchausgabe / </subfield>
			<subfield code="r">Hübinger, Gangolf -- </subfield>
			<subfield code="t">Vorwort / </subfield>
			<subfield code="r">Hübinger, Gangolf -- </subfield>
			<subfield code="t">Inhaltsverzeichnis -- </subfield>
			<subfield code="t">Aufbau und Editorische Grundsätze der Ernst Troeltsch · Kritische Gesamtausgabe -- </subfield>
			<subfield code="t">Siglen, Zeichen, Abkürzungen -- </subfield>
			<subfield code="t">Einleitung -- </subfield>
			<subfield code="t">Spectator-Briefe und Berliner Briefe (1919–1922) -- </subfield>
			<subfield code="t">Editorischer Bericht -- </subfield>
			<subfield code="t">Rück- und Umblick (Februar 1919) -- </subfield>
			<subfield code="t">Rück- und Umblick 2 (Februar 1919) -- </subfield>
			<subfield code="t">Allmähliche Klärung (März 1919) -- </subfield>
			<subfield code="t">Links und Rechts (März 1919) -- </subfield>
			<subfield code="t">Neue Finsternisse (April 1919) -- </subfield>
			<subfield code="t">Die preußische Nationalversammlung (April 1919) -- </subfield>
			<subfield code="t">Der Ansturm gegen die Demokratie (Mai 1919) -- </subfield>
			<subfield code="t">Die Aufnahme der Friedensbedingungen (Juni 1919) -- </subfield>
			<subfield code="t">Nach Pfingsten (Juli 1919) -- </subfield>
			<subfield code="t">Die Schuldfrage (Juli 1919) -- </subfield>
			<subfield code="t">Nach der Entscheidung (Juli 1919) -- </subfield>
			<subfield code="t">Neue Krisen und Möglichkeiten (August 1919) -- </subfield>
			<subfield code="t">Die Aussichten der Weltrevolution und die Zersetzung der Sozialdemokratie (September 1919) -- </subfield>
			<subfield code="t">Der Enthüllungssturm (September 1919) -- </subfield>
			<subfield code="t">Produktivität (September 1919) -- </subfield>
			<subfield code="t">Der neue Geist (Oktober 1919) -- </subfield>
			<subfield code="t">„Der Untergang des Abendlandes“ (Oktober 1919) -- </subfield>
			<subfield code="t">Zentralisation und Dezentralisation (November 1919) -- </subfield>
			<subfield code="t">Wieder in Berlin (Dezember 1919) -- </subfield>
			<subfield code="t">Was man vor einem Jahre in Berlin von der Revolution persönlich erleben konnte (Dezember 1919) -- </subfield>
			<subfield code="t">Vorherrschaft des Judentums? (Januar 1920) -- </subfield>
			<subfield code="t">Die Welle von rechts (Januar 1920) -- </subfield>
			<subfield code="t">Die Aufgaben der Reichsregierung (Februar 1920) -- </subfield>
			<subfield code="t">Neue Eingriffe von Außen (März 1920) -- </subfield>
			<subfield code="t">Kritik am System (April 1920) -- </subfield>
			<subfield code="t">Der Putsch der Prätorianer und Junker (April 1920) -- </subfield>
			<subfield code="t">Klassenkampf und Bürgerkrieg (Mai 1920) -- </subfield>
			<subfield code="t">Äußere und innere Politik (Mai 1920) -- </subfield>
			<subfield code="t">Kritik am System: Das Parteiwesen (Juni 1920) -- </subfield>
			<subfield code="t">Kritik am System: Die Kammer der Arbeit (Juni 1920) -- </subfield>
			<subfield code="t">Die Aufgaben der Regierung: Kulturfragen (Juli 1920) -- </subfield>
			<subfield code="t">Die Reichstagswahlen: Eintritt der Revolution in ein neues Stadium (August 1920) -- </subfield>
			<subfield code="t">Der Bolschewismus (Oktober 1920) -- </subfield>
			<subfield code="t">Das Weltsystem der Entente (November 1920) -- </subfield>
			<subfield code="t">Die innere Entwickelung der deutschen Revolution (Dezember 1920) -- </subfield>
			<subfield code="t">Die geistige Revolution (Januar 1921) -- </subfield>
			<subfield code="t">Bethmann Hollweg † (Februar 1921) -- </subfield>
			<subfield code="t">Neue Krisen von außen her (März 1921) -- </subfield>
			<subfield code="t">Der Versuch zur Wiedereröffnung des Krieges und die preußischen Wahlen (April 1921) -- </subfield>
			<subfield code="t">Die Reparation und Amerika (Mai 1921) -- </subfield>
			<subfield code="t">Der Beginn der eigentlichen Schwierigkeiten (Juni 1921) -- </subfield>
			<subfield code="t">Nach der Annahme des Ultimatums (Juli 1921) -- </subfield>
			<subfield code="t">Ideologien und reale Verhältnisse (August 1921) -- </subfield>
			<subfield code="t">Die Verfassungskrise (Oktober 1921) -- </subfield>
			<subfield code="t">Auf dem Weg zur neuen Mitte (November 1921) -- </subfield>
			<subfield code="t">Die neue Katastrophe und die Stellung des Bürgertums zur Republik (Dezember 1921) -- </subfield>
			<subfield code="t">Die Amerikanisierung Deutschlands (Januar 1922) -- </subfield>
			<subfield code="t">Die deutsche Uneinigkeit (Februar 1922) -- </subfield>
			<subfield code="t">See- und Landmächte (März 1922) -- </subfield>
			<subfield code="t">Die intimen Seiten der deutschen Lage (April 1922) -- </subfield>
			<subfield code="t">Eine Reise in Holland (Mai 1922) -- </subfield>
			<subfield code="t">Die neue Weltlage (Juni 1922) -- </subfield>
			<subfield code="t">Wieder bei der Reparationskommission (Juli 1922) -- </subfield>
			<subfield code="t">Gefährlichste Zeiten (August 1922) -- </subfield>
			<subfield code="t">Die Verösterreicherung (Oktober 1922) -- </subfield>
			<subfield code="t">Die Republik (November 1922) -- </subfield>
			<subfield code="t">Anhang -- </subfield>
			<subfield code="t">Biogramme -- </subfield>
			<subfield code="t">Literaturverzeichnis -- </subfield>
			<subfield code="t">Personenregister -- </subfield>
			<subfield code="t">Sachregister -- </subfield>
			<subfield code="t">Gliederung der Ernst Troeltsch · Kritische Gesamtausgabe</subfield>
		</datafield>
		<datafield tag="520" ind1=" " ind2=" ">
			<subfield code="a">In insgesamt 56 "Spectator-Briefen" und "Berliner Briefen" kommentiert Ernst Troeltsch zwischen Februar 1919 und November 1922 eindringlich die deutsche und europäische Entwicklung nach dem Ersten Weltkrieg. Kritisch beobachtet er Revolution, Bürgerkrieg und staatliche Neuordnung Deutschlands unter den Bedingungen der Weltpolitik und des Versailler Friedensvertrages. Alle Probleme rückt er in einen "Welthorizont". Engagiert liefert Troeltsch dem Bürgertum eine Orientierung, um die demokratische Republik mit Leben zu erfüllen. Die in der Zeitschrift Kunstwart erschienenen "Briefe" bieten die eindrucksvollsten Gegenwartsdiagnosen aus der Werthaltung eines christlichen und liberalen Gelehrten-Intellektuellen, die wir für die Jahre der schwierigen Republikgründung besitzen. Mit der Paperback-Ausgabe sind jetzt diese ausführlich eingeleiteten, kommentierten und durch Register erschlossenen Texte preiswert zugänglich. </subfield>
		</datafield>
		<datafield tag="538" ind1=" " ind2=" ">
			<subfield code="a">Mode of access: Internet via World Wide Web.</subfield>
		</datafield>
		<datafield tag="546" ind1=" " ind2=" ">
			<subfield code="a">In German.</subfield>
		</datafield>
		<datafield tag="588" ind1="0" ind2=" ">
			<subfield code="a">Description based on online resource; title from PDF title page (publisher's Web site, viewed 27. Mrz 2018)</subfield>
		</datafield>
		<datafield tag="650" ind1=" " ind2="4">
			<subfield code="a">Bürgerkrieg und Demokratie.</subfield>
		</datafield>
		<datafield tag="650" ind1=" " ind2="4">
			<subfield code="a">Civil war and democracy.</subfield>
		</datafield>
		<datafield tag="650" ind1=" " ind2="4">
			<subfield code="a">Neuordnung Europas.</subfield>
		</datafield>
		<datafield tag="650" ind1=" " ind2="4">
			<subfield code="a">New European Order.</subfield>
		</datafield>
		<datafield tag="650" ind1=" " ind2="4">
			<subfield code="a">revolution.</subfield>
		</datafield>
		<datafield tag="650" ind1=" " ind2="4">
			<subfield code="a">Revolution.</subfield>
		</datafield>
		<datafield tag="650" ind1=" " ind2="4">
			<subfield code="a">state of the world in 1918.</subfield>
		</datafield>
		<datafield tag="650" ind1=" " ind2="4">
			<subfield code="a">Weltlage 1918.</subfield>
		</datafield>
		<datafield tag="700" ind1="1" ind2=" ">
			<subfield code="a">Hübinger, Gangolf, </subfield>
			<subfield code="e">editor.</subfield>
		</datafield>
		<datafield tag="700" ind1="1" ind2=" ">
			<subfield code="a">Wehrs, Nikolai.</subfield>
		</datafield>
		<datafield tag="773" ind1="0" ind2="8">
			<subfield code="i">Title is part of eBook package:</subfield>
			<subfield code="d">De Gruyter</subfield>
			<subfield code="t">EBOOK PACKAGE COMPLETE 2018</subfield>
			<subfield code="z">9783110603255</subfield>
			<subfield code="o">ZDB-23-DGG</subfield>
		</datafield>
		<datafield tag="773" ind1="0" ind2="8">
			<subfield code="i">Title is part of eBook package:</subfield>
			<subfield code="d">De Gruyter</subfield>
			<subfield code="t">EBOOK PACKAGE Theology, Relig. Studies, Jewish Studies 2018</subfield>
			<subfield code="z">9783110603248</subfield>
			<subfield code="o">ZDB-23-DGF</subfield>
		</datafield>
		<datafield tag="776" ind1="0" ind2=" ">
			<subfield code="c">EPUB</subfield>
			<subfield code="z">978-3-11-059286-3</subfield>
		</datafield>
		<datafield tag="776" ind1="0" ind2=" ">
			<subfield code="c">print</subfield>
			<subfield code="z">9783110568516</subfield>
		</datafield>
		<datafield tag="856" ind1="4" ind2="0">
			<subfield code="u">https://www.degruyter.com/doi/book/10.1515/9783110595239</subfield>
		</datafield>
		<datafield tag="856" ind1="4" ind2="2">
			<subfield code="3">Cover</subfield>
			<subfield code="u">https://www.degruyter.com/doc/cover/9783110595239.jpg</subfield>
		</datafield>
		<datafield tag="912" ind1=" " ind2=" ">
			<subfield code="a">GBV-deGruyter-alles</subfield>
		</datafield>
		<datafield tag="912" ind1=" " ind2=" ">
			<subfield code="a">GBV-deGruyter-PDA11SSHE</subfield>
		</datafield>
		<datafield tag="912" ind1=" " ind2=" ">
			<subfield code="a">GBV-deGruyter-PDA14ALL</subfield>
		</datafield>
		<datafield tag="912" ind1=" " ind2=" ">
			<subfield code="a">GBV-deGruyter-PDA16SSH</subfield>
		</datafield>
		<datafield tag="912" ind1=" " ind2=" ">
			<subfield code="a">GBV-deGruyter-PDA1ALL</subfield>
		</datafield>
		<datafield tag="912" ind1=" " ind2=" ">
			<subfield code="a">GBV-deGruyter-PDA2</subfield>
		</datafield>
		<datafield tag="912" ind1=" " ind2=" ">
			<subfield code="a">GBV-deGruyter-PDA2HUM</subfield>
		</datafield>
		<datafield tag="912" ind1=" " ind2=" ">
			<subfield code="a">GBV-deGruyter-PDA5EBK</subfield>
		</datafield>
		<datafield tag="912" ind1=" " ind2=" ">
			<subfield code="a">ZDB-23-DGF</subfield>
			<subfield code="b">2018</subfield>
		</datafield>
		<datafield tag="912" ind1=" " ind2=" ">
			<subfield code="a">ZDB-23-DGG</subfield>
			<subfield code="b">2018</subfield>
		</datafield>
	</record>