
	<record xmlns="http://www.loc.gov/MARC21/slim">
		<leader>04911nam a22006255i 4500</leader>
		<controlfield tag="001">9783110595994</controlfield>
		<controlfield tag="003">DE-B1597</controlfield>
		<controlfield tag="005">20180327123002.0</controlfield>
		<controlfield tag="006">m|||||o||d||||||||</controlfield>
		<controlfield tag="007">cr || ||||||||</controlfield>
		<controlfield tag="008">180327s2018    gw     fo  d z      eng d</controlfield>
		<datafield tag="020" ind1=" " ind2=" ">
			<subfield code="a">9783110595994</subfield>
		</datafield>
		<datafield tag="024" ind1="7" ind2=" ">
			<subfield code="a">10.1515/9783110595994</subfield>
			<subfield code="2">doi</subfield>
		</datafield>
		<datafield tag="035" ind1=" " ind2=" ">
			<subfield code="a">(DE-B1597)494027</subfield>
		</datafield>
		<datafield tag="040" ind1=" " ind2=" ">
			<subfield code="a">DE-B1597</subfield>
			<subfield code="b">eng</subfield>
			<subfield code="c">DE-B1597</subfield>
			<subfield code="e">rda</subfield>
		</datafield>
		<datafield tag="041" ind1="0" ind2=" ">
			<subfield code="a">eng</subfield>
		</datafield>
		<datafield tag="044" ind1=" " ind2=" ">
			<subfield code="a">gw</subfield>
			<subfield code="c">DE</subfield>
		</datafield>
		<datafield tag="072" ind1=" " ind2="7">
			<subfield code="a">SCI016000</subfield>
			<subfield code="2">bisacsh</subfield>
		</datafield>
		<datafield tag="100" ind1="1" ind2=" ">
			<subfield code="a">y,</subfield>
			<subfield code="e">author.</subfield>
		</datafield>
		<datafield tag="245" ind1="1" ind2="0">
			<subfield code="a">26th Annual Conference of the German Crystallographic Society, March 5-8, 2018, Essen, Germany.</subfield>
		</datafield>
		<datafield tag="264" ind1=" " ind2="1">
			<subfield code="a">Berlin ;Boston : </subfield>
			<subfield code="b">De Gruyter, </subfield>
			<subfield code="c">[2018]</subfield>
		</datafield>
		<datafield tag="264" ind1=" " ind2="4">
			<subfield code="c">©2018</subfield>
		</datafield>
		<datafield tag="300" ind1=" " ind2=" ">
			<subfield code="a">1 online resource (141 p.)</subfield>
		</datafield>
		<datafield tag="336" ind1=" " ind2=" ">
			<subfield code="a">text</subfield>
			<subfield code="b">txt</subfield>
			<subfield code="2">rdacontent</subfield>
		</datafield>
		<datafield tag="337" ind1=" " ind2=" ">
			<subfield code="a">computer</subfield>
			<subfield code="b">c</subfield>
			<subfield code="2">rdamedia</subfield>
		</datafield>
		<datafield tag="338" ind1=" " ind2=" ">
			<subfield code="a">online resource</subfield>
			<subfield code="b">cr</subfield>
			<subfield code="2">rdacarrier</subfield>
		</datafield>
		<datafield tag="347" ind1=" " ind2=" ">
			<subfield code="a">text file</subfield>
			<subfield code="b">PDF</subfield>
			<subfield code="2">rda</subfield>
		</datafield>
		<datafield tag="490" ind1="0" ind2=" ">
			<subfield code="a">Zeitschrift für Kristallographie / Supplemente ;</subfield>
			<subfield code="v">38</subfield>
		</datafield>
		<datafield tag="505" ind1="0" ind2="0">
			<subfield code="t">Frontmatter -- </subfield>
			<subfield code="t">Table of content -- </subfield>
			<subfield code="t">Plenary talks -- </subfield>
			<subfield code="t">Bio-Crystallography I: Hot new structures -- </subfield>
			<subfield code="t">Measurements and syntheses under extreme conditions -- </subfield>
			<subfield code="t">New crystal structures I -- </subfield>
			<subfield code="t">New developments in methods and instrumentation in neutron scattering -- </subfield>
			<subfield code="t">Bio-Crystallography II: Complementation by NMR and EPR -- </subfield>
			<subfield code="t">Crystallography in nanoscience -- </subfield>
			<subfield code="t">Structure-property-relationships -- </subfield>
			<subfield code="t">In-situ methods -- </subfield>
			<subfield code="t">Bio-Crystallography III: Enzymes -- </subfield>
			<subfield code="t">Electron microscopy -- </subfield>
			<subfield code="t">Experimental electron density -- </subfield>
			<subfield code="t">Bio-Crystallography IV: Crystallography in industry -- </subfield>
			<subfield code="t">New crystal structures II -- </subfield>
			<subfield code="t">Spectroscopic methods in crystallography -- </subfield>
			<subfield code="t">Structurally complex materials -- </subfield>
			<subfield code="t">Bio-Crystallography V: Instrumentation and methods -- </subfield>
			<subfield code="t">Developments in molecular crystallography -- </subfield>
			<subfield code="t">Characterization of defects in crystalline materials -- </subfield>
			<subfield code="t">Bio-Crystallography VI: Protein - nucleic acid complexes -- </subfield>
			<subfield code="t">New Crystal structures and properties -- </subfield>
			<subfield code="t">Powder diffraction / PDF -- </subfield>
			<subfield code="t">Lightning talks I -- </subfield>
			<subfield code="t">Lightning talks II -- </subfield>
			<subfield code="t">Bio-Crystallography I: Hot new structures -- </subfield>
			<subfield code="t">Bio-Crystallography II: Complementation by NMR and EPR -- </subfield>
			<subfield code="t">Bio-Crystallography III: Enzymes -- </subfield>
			<subfield code="t">Bio-Crystallography IV: Crystallography in industry -- </subfield>
			<subfield code="t">Bio-Crystallography V: Instrumentation and methods -- </subfield>
			<subfield code="t">Bio-Crystallography VI: Protein – nucleic acid complexes -- </subfield>
			<subfield code="t">Measurements and syntheses under extreme conditions -- </subfield>
			<subfield code="t">New crystal structures -- </subfield>
			<subfield code="t">New developments in methods, instrumentation and applications in neutron scattering -- </subfield>
			<subfield code="t">Crystallography in nanoscience -- </subfield>
			<subfield code="t">Structure-property-relationships -- </subfield>
			<subfield code="t">In-situ methods -- </subfield>
			<subfield code="t">Electron microscopy -- </subfield>
			<subfield code="t">Experimental electron density -- </subfield>
			<subfield code="t">Spectroscopic methods in crystallography -- </subfield>
			<subfield code="t">Structurally complex materials -- </subfield>
			<subfield code="t">Developments in molecular crystallography -- </subfield>
			<subfield code="t">Characterization of defects in crystalline materials -- </subfield>
			<subfield code="t">Powder diffraction / PDF -- </subfield>
			<subfield code="t">Other Topics -- </subfield>
			<subfield code="t">Author index</subfield>
		</datafield>
		<datafield tag="520" ind1=" " ind2=" ">
			<subfield code="a">Zeitschrift für Kristallographie. Supplement Volume 38 presents the complete Abstracts of all contributions to the 26th Annual Conference of the German Crystallographic Society in Essen (Germany) 2018:- Plenary Talks- Microsymposia- Poster Session Supplement Series of Zeitschrift für Kristallographie publishes Abstracts of international conferences on the interdisciplinary field of crystallography. </subfield>
		</datafield>
		<datafield tag="538" ind1=" " ind2=" ">
			<subfield code="a">Mode of access: Internet via World Wide Web.</subfield>
		</datafield>
		<datafield tag="546" ind1=" " ind2=" ">
			<subfield code="a">In English.</subfield>
		</datafield>
		<datafield tag="588" ind1="0" ind2=" ">
			<subfield code="a">Description based on online resource; title from PDF title page (publisher's Web site, viewed 27. Mrz 2018)</subfield>
		</datafield>
		<datafield tag="773" ind1="0" ind2="8">
			<subfield code="i">Title is part of eBook package:</subfield>
			<subfield code="d">De Gruyter</subfield>
			<subfield code="t">EBOOK PACKAGE COMPLETE 2018 English</subfield>
			<subfield code="z">9783110604252</subfield>
		</datafield>
		<datafield tag="773" ind1="0" ind2="8">
			<subfield code="i">Title is part of eBook package:</subfield>
			<subfield code="d">De Gruyter</subfield>
			<subfield code="t">EBOOK PACKAGE COMPLETE 2018</subfield>
			<subfield code="z">9783110603255</subfield>
			<subfield code="o">ZDB-23-DGG</subfield>
		</datafield>
		<datafield tag="773" ind1="0" ind2="8">
			<subfield code="i">Title is part of eBook package:</subfield>
			<subfield code="d">De Gruyter</subfield>
			<subfield code="t">EBOOK PACKAGE Physics, Chem., Mat.Sc, Geosc 2018 English</subfield>
			<subfield code="z">9783110604221</subfield>
		</datafield>
		<datafield tag="773" ind1="0" ind2="8">
			<subfield code="i">Title is part of eBook package:</subfield>
			<subfield code="d">De Gruyter</subfield>
			<subfield code="t">EBOOK PACKAGE Physics, Chemistry,  Materials Sc, Geosc 2018</subfield>
			<subfield code="z">9783110603224</subfield>
		</datafield>
		<datafield tag="776" ind1="0" ind2=" ">
			<subfield code="c">EPUB</subfield>
			<subfield code="z">978-3-11-059294-8</subfield>
		</datafield>
		<datafield tag="776" ind1="0" ind2=" ">
			<subfield code="c">print</subfield>
			<subfield code="z">9783110595352</subfield>
		</datafield>
		<datafield tag="856" ind1="4" ind2="0">
			<subfield code="u">https://doi.org/10.1515/9783110595994</subfield>
		</datafield>
		<datafield tag="856" ind1="4" ind2="2">
			<subfield code="3">Cover</subfield>
			<subfield code="u">https://www.degruyter.com/doc/cover/9783110595994.jpg</subfield>
		</datafield>
		<datafield tag="912" ind1=" " ind2=" ">
			<subfield code="a">978-3-11-060322-4  EBOOK PACKAGE Physics, Chemistry,  Materials Sc, Geosc 2018</subfield>
			<subfield code="b">2018</subfield>
		</datafield>
		<datafield tag="912" ind1=" " ind2=" ">
			<subfield code="a">978-3-11-060422-1  EBOOK PACKAGE Physics, Chem., Mat.Sc, Geosc 2018 English</subfield>
			<subfield code="b">2018</subfield>
		</datafield>
		<datafield tag="912" ind1=" " ind2=" ">
			<subfield code="a">978-3-11-060425-2  EBOOK PACKAGE COMPLETE 2018 English</subfield>
			<subfield code="b">2018</subfield>
		</datafield>
		<datafield tag="912" ind1=" " ind2=" ">
			<subfield code="a">GBV-deGruyter-alles</subfield>
		</datafield>
		<datafield tag="912" ind1=" " ind2=" ">
			<subfield code="a">GBV-deGruyter-PDA12STME</subfield>
		</datafield>
		<datafield tag="912" ind1=" " ind2=" ">
			<subfield code="a">GBV-deGruyter-PDA13ENGE</subfield>
		</datafield>
		<datafield tag="912" ind1=" " ind2=" ">
			<subfield code="a">GBV-deGruyter-PDA14ALL</subfield>
		</datafield>
		<datafield tag="912" ind1=" " ind2=" ">
			<subfield code="a">GBV-deGruyter-PDA15STM</subfield>
		</datafield>
		<datafield tag="912" ind1=" " ind2=" ">
			<subfield code="a">GBV-deGruyter-PDA18STMEE</subfield>
		</datafield>
		<datafield tag="912" ind1=" " ind2=" ">
			<subfield code="a">GBV-deGruyter-PDA1ALL</subfield>
		</datafield>
		<datafield tag="912" ind1=" " ind2=" ">
			<subfield code="a">GBV-deGruyter-PDA3STM</subfield>
		</datafield>
		<datafield tag="912" ind1=" " ind2=" ">
			<subfield code="a">GBV-deGruyter-PDA5EBK</subfield>
		</datafield>
		<datafield tag="912" ind1=" " ind2=" ">
			<subfield code="a">GBV-deGruyter-PDA7ENG</subfield>
		</datafield>
		<datafield tag="912" ind1=" " ind2=" ">
			<subfield code="a">ZDB-23-DGG</subfield>
			<subfield code="b">2018</subfield>
		</datafield>
	</record>