
	<record xmlns="http://www.loc.gov/MARC21/slim">
		<leader>05760nam a22007335i 4500</leader>
		<controlfield tag="001">9783110596182</controlfield>
		<controlfield tag="003">DE-B1597</controlfield>
		<controlfield tag="005">20180327123002.0</controlfield>
		<controlfield tag="006">m|||||o||d||||||||</controlfield>
		<controlfield tag="007">cr || ||||||||</controlfield>
		<controlfield tag="008">180327s2018    gw     fo  d z      eng d</controlfield>
		<datafield tag="020" ind1=" " ind2=" ">
			<subfield code="a">9783110596182</subfield>
		</datafield>
		<datafield tag="024" ind1="7" ind2=" ">
			<subfield code="a">10.1515/9783110596182</subfield>
			<subfield code="2">doi</subfield>
		</datafield>
		<datafield tag="035" ind1=" " ind2=" ">
			<subfield code="a">(DE-B1597)494211</subfield>
		</datafield>
		<datafield tag="040" ind1=" " ind2=" ">
			<subfield code="a">DE-B1597</subfield>
			<subfield code="b">eng</subfield>
			<subfield code="c">DE-B1597</subfield>
			<subfield code="e">rda</subfield>
		</datafield>
		<datafield tag="041" ind1="0" ind2=" ">
			<subfield code="a">eng</subfield>
		</datafield>
		<datafield tag="044" ind1=" " ind2=" ">
			<subfield code="a">gw</subfield>
			<subfield code="c">DE</subfield>
		</datafield>
		<datafield tag="072" ind1=" " ind2="7">
			<subfield code="a">LIT004190</subfield>
			<subfield code="2">bisacsh</subfield>
		</datafield>
		<datafield tag="245" ind1="0" ind2="0">
			<subfield code="a">Life, Love and Death in Latin Poetry /</subfield>
			<subfield code="c">Stavros Frangoulidis, Stephen Harrison.</subfield>
		</datafield>
		<datafield tag="264" ind1=" " ind2="1">
			<subfield code="a">Berlin ;Boston : </subfield>
			<subfield code="b">De Gruyter, </subfield>
			<subfield code="c">[2018]</subfield>
		</datafield>
		<datafield tag="264" ind1=" " ind2="4">
			<subfield code="c">©2018</subfield>
		</datafield>
		<datafield tag="300" ind1=" " ind2=" ">
			<subfield code="a">1 online resource (345 p.)</subfield>
		</datafield>
		<datafield tag="336" ind1=" " ind2=" ">
			<subfield code="a">text</subfield>
			<subfield code="b">txt</subfield>
			<subfield code="2">rdacontent</subfield>
		</datafield>
		<datafield tag="337" ind1=" " ind2=" ">
			<subfield code="a">computer</subfield>
			<subfield code="b">c</subfield>
			<subfield code="2">rdamedia</subfield>
		</datafield>
		<datafield tag="338" ind1=" " ind2=" ">
			<subfield code="a">online resource</subfield>
			<subfield code="b">cr</subfield>
			<subfield code="2">rdacarrier</subfield>
		</datafield>
		<datafield tag="347" ind1=" " ind2=" ">
			<subfield code="a">text file</subfield>
			<subfield code="b">PDF</subfield>
			<subfield code="2">rda</subfield>
		</datafield>
		<datafield tag="490" ind1="0" ind2=" ">
			<subfield code="a">Trends in Classics - Supplementary Volumes ;</subfield>
			<subfield code="v">61</subfield>
		</datafield>
		<datafield tag="505" ind1="0" ind2="0">
			<subfield code="t">Frontmatter -- </subfield>
			<subfield code="t">Prologue -- </subfield>
			<subfield code="t">Contents -- </subfield>
			<subfield code="t">Introduction: Life, Love and Death in Latin Poetry -- </subfield>
			<subfield code="t">Part I: Roman Elegy -- </subfield>
			<subfield code="t">Propertius and the Unstructured Self / </subfield>
			<subfield code="r">Gibson, Roy -- </subfield>
			<subfield code="t">Love and Death in Propertius 1.10, 1.13 and 2.15: Poetic and Polemical Games with Lucretius, Gallus and Virgil / </subfield>
			<subfield code="r">Fabre-Serris, Jacqueline -- </subfield>
			<subfield code="t">From Grave to Rave: Reading ‘Reality’ in Propertius 4.7 and 4.8 / </subfield>
			<subfield code="r">Williams, Gareth -- </subfield>
			<subfield code="t">Place and Meaning in Tibullus, Lygdamus, Sulpicia / </subfield>
			<subfield code="r">Heyworth, S.J. -- </subfield>
			<subfield code="t">Sulpicia and the Speech of Men / </subfield>
			<subfield code="r">Batstone, William W. -- </subfield>
			<subfield code="t">Ovid’s Literary Entrance: Propertian and Horatian Traces? / </subfield>
			<subfield code="r">Harrison, Stephen -- </subfield>
			<subfield code="t">Part II: Augustan and Neronian Epic -- </subfield>
			<subfield code="t">Till Death do us Part … or Join: Love beyond Death in Ovid’s Metamorphoses / </subfield>
			<subfield code="r">Sharrock, Alison -- </subfield>
			<subfield code="t">Death and Life in Lucan / </subfield>
			<subfield code="r">Konstan, David -- </subfield>
			<subfield code="t">Part III: Historiography-Lyric Poetry, Erotic Epistolography and Epigram -- </subfield>
			<subfield code="t">The Music of Time: Sallust’s Sempronia (Cat. 25) and Horace’s Lyce (Odes 4.13) / </subfield>
			<subfield code="r">Feldherr, Andrew M. -- </subfield>
			<subfield code="t">Against Aesthetic Distance: Ovid, Proust, and the Hedonic Impulse / </subfield>
			<subfield code="r">Peponi, Anastasia-Erasmia -- </subfield>
			<subfield code="t">Epicurean Philosophical Perspectives in (and on) [Vergil] Catalepton 5 / </subfield>
			<subfield code="r">Keith, Alison -- </subfield>
			<subfield code="t">Part IV: Roman Drama and Novel -- </subfield>
			<subfield code="t">Aphrodisia and the Poenulus of Plautus: The Case of Agorastocles / </subfield>
			<subfield code="r">Frangoulidis, Stavros -- </subfield>
			<subfield code="t">Stoic Moral Perfectionism and the Queer Art of Failure: Toward a Theory of Senecan Tragedy / </subfield>
			<subfield code="r">Wray, David -- </subfield>
			<subfield code="t">Resurrection Woman: Love, Death and (After)Life in Petronius’s Widow of Ephesus / </subfield>
			<subfield code="r">Slater, Niall W. -- </subfield>
			<subfield code="t">Part V: Reception -- </subfield>
			<subfield code="t">Love and Death in Renaissance Latin Bucolic: The Chronis and its Origins (Biblioteca Nacional de México Ms. 1631) / </subfield>
			<subfield code="r">Laird, Andrew -- </subfield>
			<subfield code="t">The Pope as Arsonist and Christian Salvation: Peter Causton’s Londini Conflagratio: Carmen / </subfield>
			<subfield code="r">Manuwald, Gesine -- </subfield>
			<subfield code="t">Many Un/happy Returns from Eurydice / </subfield>
			<subfield code="r">Spentzou, Efrossini -- </subfield>
			<subfield code="t">Publications by Theodore D. Papanghelis -- </subfield>
			<subfield code="t">Contributors -- </subfield>
			<subfield code="t">General Index -- </subfield>
			<subfield code="t">Index Locorum</subfield>
		</datafield>
		<datafield tag="520" ind1=" " ind2=" ">
			<subfield code="a">Inspired by Theodore Papanghelis’ Propertius: A Hellenistic Poet on Love and Death (1987), this collective volume brings together seventeen contributions, written by an international team of experts, exploring the different ways in which Latin authors and some of their modern readers created narratives of life, love and death. Taken together the papers offer stimulating readings of Latin texts over many centuries, examined in a variety of genres and from various perspectives: poetics and authorial self-fashioning; intertextuality; fiction and ‘reality’; gender and queer studies; narratological readings; temporality and aesthetics; genre and meta-genre; structures of the narrative and transgression of boundaries on the ideological and the formalistic level; reception; meta-dramatic and feminist accounts-the female voice. Overall, the articles offer rich insights into the handling and development of these narratives from Classical Greece through Rome up to modern English poetry. </subfield>
		</datafield>
		<datafield tag="538" ind1=" " ind2=" ">
			<subfield code="a">Mode of access: Internet via World Wide Web.</subfield>
		</datafield>
		<datafield tag="546" ind1=" " ind2=" ">
			<subfield code="a">In English.</subfield>
		</datafield>
		<datafield tag="588" ind1="0" ind2=" ">
			<subfield code="a">Description based on online resource; title from PDF title page (publisher's Web site, viewed 27. Mrz 2018)</subfield>
		</datafield>
		<datafield tag="650" ind1=" " ind2="4">
			<subfield code="a">Elegie.</subfield>
		</datafield>
		<datafield tag="650" ind1=" " ind2="4">
			<subfield code="a">intertextuality.</subfield>
		</datafield>
		<datafield tag="650" ind1=" " ind2="4">
			<subfield code="a">Lateinische Literatur.</subfield>
		</datafield>
		<datafield tag="650" ind1=" " ind2="4">
			<subfield code="a">Latin literature.</subfield>
		</datafield>
		<datafield tag="650" ind1=" " ind2="4">
			<subfield code="a">narratology.</subfield>
		</datafield>
		<datafield tag="650" ind1=" " ind2="4">
			<subfield code="a">reception.</subfield>
		</datafield>
		<datafield tag="650" ind1=" " ind2="4">
			<subfield code="a">Rezeption.</subfield>
		</datafield>
		<datafield tag="700" ind1="1" ind2=" ">
			<subfield code="a">Frangoulidis, Stavros, </subfield>
			<subfield code="e">editor.</subfield>
		</datafield>
		<datafield tag="700" ind1="1" ind2=" ">
			<subfield code="a">Harrison, Stephen, </subfield>
			<subfield code="e">editor.</subfield>
		</datafield>
		<datafield tag="773" ind1="0" ind2="8">
			<subfield code="i">Title is part of eBook package:</subfield>
			<subfield code="d">De Gruyter</subfield>
			<subfield code="t">EBOOK PACKAGE Classical Studies 2018 English</subfield>
			<subfield code="z">9783110604009</subfield>
		</datafield>
		<datafield tag="773" ind1="0" ind2="8">
			<subfield code="i">Title is part of eBook package:</subfield>
			<subfield code="d">De Gruyter</subfield>
			<subfield code="t">EBOOK PACKAGE Classical Studies 2018</subfield>
			<subfield code="z">9783110603095</subfield>
			<subfield code="o">ZDB-23-DGD</subfield>
		</datafield>
		<datafield tag="773" ind1="0" ind2="8">
			<subfield code="i">Title is part of eBook package:</subfield>
			<subfield code="d">De Gruyter</subfield>
			<subfield code="t">EBOOK PACKAGE COMPLETE 2018 English</subfield>
			<subfield code="z">9783110604252</subfield>
		</datafield>
		<datafield tag="773" ind1="0" ind2="8">
			<subfield code="i">Title is part of eBook package:</subfield>
			<subfield code="d">De Gruyter</subfield>
			<subfield code="t">EBOOK PACKAGE COMPLETE 2018</subfield>
			<subfield code="z">9783110603255</subfield>
			<subfield code="o">ZDB-23-DGG</subfield>
		</datafield>
		<datafield tag="776" ind1="0" ind2=" ">
			<subfield code="c">EPUB</subfield>
			<subfield code="z">978-3-11-059363-1</subfield>
		</datafield>
		<datafield tag="776" ind1="0" ind2=" ">
			<subfield code="c">print</subfield>
			<subfield code="z">9783110587760</subfield>
		</datafield>
		<datafield tag="856" ind1="4" ind2="0">
			<subfield code="u">https://doi.org/10.1515/9783110596182</subfield>
		</datafield>
		<datafield tag="856" ind1="4" ind2="2">
			<subfield code="3">Cover</subfield>
			<subfield code="u">https://www.degruyter.com/doc/cover/9783110596182.jpg</subfield>
		</datafield>
		<datafield tag="912" ind1=" " ind2=" ">
			<subfield code="a">978-3-11-060400-9  EBOOK PACKAGE Classical Studies 2018 English</subfield>
			<subfield code="b">2018</subfield>
		</datafield>
		<datafield tag="912" ind1=" " ind2=" ">
			<subfield code="a">978-3-11-060425-2  EBOOK PACKAGE COMPLETE 2018 English</subfield>
			<subfield code="b">2018</subfield>
		</datafield>
		<datafield tag="912" ind1=" " ind2=" ">
			<subfield code="a">GBV-deGruyter-alles</subfield>
		</datafield>
		<datafield tag="912" ind1=" " ind2=" ">
			<subfield code="a">GBV-deGruyter-PDA11SSHE</subfield>
		</datafield>
		<datafield tag="912" ind1=" " ind2=" ">
			<subfield code="a">GBV-deGruyter-PDA13ENGE</subfield>
		</datafield>
		<datafield tag="912" ind1=" " ind2=" ">
			<subfield code="a">GBV-deGruyter-PDA14ALL</subfield>
		</datafield>
		<datafield tag="912" ind1=" " ind2=" ">
			<subfield code="a">GBV-deGruyter-PDA16SSH</subfield>
		</datafield>
		<datafield tag="912" ind1=" " ind2=" ">
			<subfield code="a">GBV-deGruyter-PDA17SSHEE</subfield>
		</datafield>
		<datafield tag="912" ind1=" " ind2=" ">
			<subfield code="a">GBV-deGruyter-PDA1ALL</subfield>
		</datafield>
		<datafield tag="912" ind1=" " ind2=" ">
			<subfield code="a">GBV-deGruyter-PDA2</subfield>
		</datafield>
		<datafield tag="912" ind1=" " ind2=" ">
			<subfield code="a">GBV-deGruyter-PDA2HUM</subfield>
		</datafield>
		<datafield tag="912" ind1=" " ind2=" ">
			<subfield code="a">GBV-deGruyter-PDA5EBK</subfield>
		</datafield>
		<datafield tag="912" ind1=" " ind2=" ">
			<subfield code="a">GBV-deGruyter-PDA7ENG</subfield>
		</datafield>
		<datafield tag="912" ind1=" " ind2=" ">
			<subfield code="a">ZDB-23-DGD</subfield>
			<subfield code="b">2018</subfield>
		</datafield>
		<datafield tag="912" ind1=" " ind2=" ">
			<subfield code="a">ZDB-23-DGG</subfield>
			<subfield code="b">2018</subfield>
		</datafield>
	</record>