
	<record xmlns="http://www.loc.gov/MARC21/slim">
		<leader>03045nam a22005415i 4500</leader>
		<controlfield tag="001">9783110827255</controlfield>
		<controlfield tag="003">DE-B1597</controlfield>
		<controlfield tag="005">20180327123002.0</controlfield>
		<controlfield tag="006">m|||||o||d||||||||</controlfield>
		<controlfield tag="007">cr || ||||||||</controlfield>
		<controlfield tag="008">180327s2018    gw     fo  d z      ger d</controlfield>
		<datafield tag="020" ind1=" " ind2=" ">
			<subfield code="a">9783110827255</subfield>
		</datafield>
		<datafield tag="024" ind1="7" ind2=" ">
			<subfield code="a">10.1515/9783110827255</subfield>
			<subfield code="2">doi</subfield>
		</datafield>
		<datafield tag="035" ind1=" " ind2=" ">
			<subfield code="a">(DE-B1597)43827</subfield>
		</datafield>
		<datafield tag="040" ind1=" " ind2=" ">
			<subfield code="a">DE-B1597</subfield>
			<subfield code="b">eng</subfield>
			<subfield code="c">DE-B1597</subfield>
			<subfield code="e">rda</subfield>
		</datafield>
		<datafield tag="041" ind1="0" ind2=" ">
			<subfield code="a">ger</subfield>
		</datafield>
		<datafield tag="044" ind1=" " ind2=" ">
			<subfield code="a">gw</subfield>
			<subfield code="c">DE</subfield>
		</datafield>
		<datafield tag="072" ind1=" " ind2="7">
			<subfield code="a">LIT000000</subfield>
			<subfield code="2">bisacsh</subfield>
		</datafield>
		<datafield tag="072" ind1=" " ind2="7">
			<subfield code="a">LIT004170</subfield>
			<subfield code="2">bisacsh</subfield>
		</datafield>
		<datafield tag="100" ind1="1" ind2=" ">
			<subfield code="a">Heusler, Andreas,</subfield>
			<subfield code="e">author.</subfield>
		</datafield>
		<datafield tag="245" ind1="1" ind2="0">
			<subfield code="a">Deutsche Versgeschichte :</subfield>
			<subfield code="b">Mit Einschluß des altenglischen und altnordischen Stabreimverses. </subfield>
			<subfield code="n">Band 1, </subfield>
			<subfield code="p">Einführendes: Grundbegriffe der Verslehre. Der altgermanische Vers.</subfield>
		</datafield>
		<datafield tag="250" ind1=" " ind2=" ">
			<subfield code="a">Nachdr. der 2., unveränd. Aufl. 1956. Reprint 2017</subfield>
		</datafield>
		<datafield tag="264" ind1=" " ind2="1">
			<subfield code="a">Berlin ;Boston : </subfield>
			<subfield code="b">De Gruyter, </subfield>
			<subfield code="c">[2018]</subfield>
		</datafield>
		<datafield tag="264" ind1=" " ind2="4">
			<subfield code="c">©1968</subfield>
		</datafield>
		<datafield tag="300" ind1=" " ind2=" ">
			<subfield code="a">1 online resource (319 p.)</subfield>
		</datafield>
		<datafield tag="336" ind1=" " ind2=" ">
			<subfield code="a">text</subfield>
			<subfield code="b">txt</subfield>
			<subfield code="2">rdacontent</subfield>
		</datafield>
		<datafield tag="337" ind1=" " ind2=" ">
			<subfield code="a">computer</subfield>
			<subfield code="b">c</subfield>
			<subfield code="2">rdamedia</subfield>
		</datafield>
		<datafield tag="338" ind1=" " ind2=" ">
			<subfield code="a">online resource</subfield>
			<subfield code="b">cr</subfield>
			<subfield code="2">rdacarrier</subfield>
		</datafield>
		<datafield tag="347" ind1=" " ind2=" ">
			<subfield code="a">text file</subfield>
			<subfield code="b">PDF</subfield>
			<subfield code="2">rda</subfield>
		</datafield>
		<datafield tag="490" ind1="0" ind2=" ">
			<subfield code="a">Grundriß der germanischen Philologie ;</subfield>
			<subfield code="v">8</subfield>
		</datafield>
		<datafield tag="505" ind1="0" ind2="0">
			<subfield code="t">Frontmatter -- </subfield>
			<subfield code="t">INHALT -- </subfield>
			<subfield code="t">TEIL I: Einführendes. Grundbegriffe der Verslehre. -- </subfield>
			<subfield code="t">1. Abschnitt: Die Zeiträume der deutschen Versgeschichte. -- </subfield>
			<subfield code="t">2. Abschnitt: Aulgaben der Verslehre. -- </subfield>
			<subfield code="t">3. Abschnitt: Der Rhythmus. -- </subfield>
			<subfield code="t">4. Abschnitt: Die Bestandteile des metrischen Rhythmus. A. Der metrische Rahmen. -- </subfield>
			<subfield code="t">5. Abschnitt: Die Bestandteile des metrischen Rhythmus. B. Die Versfüllung. -- </subfield>
			<subfield code="t">6. Abschnitt: Die metrische Form und der Vortrag. -- </subfield>
			<subfield code="t">7. Abschnitt: Die deutsche Sprache als Versstoff. -- </subfield>
			<subfield code="t">8. Abschnitt: Wägender und messender Versbau. Silbenzählung. -- </subfield>
			<subfield code="t">TEIL II: Der altgermanische Vers. -- </subfield>
			<subfield code="t">9. Abschnitt: Quellen. -- </subfield>
			<subfield code="t">10. Abschnitt: Der Stabreim. -- </subfield>
			<subfield code="t">11. Abschnitt: Stabreim und Satzton. -- </subfield>
			<subfield code="t">12. Abschnitt: Deutungen des Rhythmus. -- </subfield>
			<subfield code="t">13. Abschnitt: Die zwei Langtakte. -- </subfield>
			<subfield code="t">14. Abschnitt: Die Füllung der Versglieder. -- </subfield>
			<subfield code="t">15. Abschnitt: Die Verstypen. -- </subfield>
			<subfield code="t">16. Abschnitt: Das epische Langzeilenmaß im Norden. -- </subfield>
			<subfield code="t">17. Abschnitt: Der nordische Spruchton. -- </subfield>
			<subfield code="t">18. Abschnitt: Gruppenbau. -- </subfield>
			<subfield code="t">19. Abschnitt: Altgermanischer Versstil. -- </subfield>
			<subfield code="t">20. Abschnitt: Zur Vorgeschichte des Stabreimverses. -- </subfield>
			<subfield code="t">21. Abschnitt: Die Skaldenkunst.</subfield>
		</datafield>
		<datafield tag="538" ind1=" " ind2=" ">
			<subfield code="a">Mode of access: Internet via World Wide Web.</subfield>
		</datafield>
		<datafield tag="546" ind1=" " ind2=" ">
			<subfield code="a">In German.</subfield>
		</datafield>
		<datafield tag="588" ind1="0" ind2=" ">
			<subfield code="a">Description based on online resource; title from PDF title page (publisher's Web site, viewed 27. Mrz 2018)</subfield>
		</datafield>
		<datafield tag="650" ind1=" " ind2="4">
			<subfield code="a">Deutsch.</subfield>
		</datafield>
		<datafield tag="650" ind1=" " ind2="4">
			<subfield code="a">Grundbegriffe.</subfield>
		</datafield>
		<datafield tag="650" ind1=" " ind2="4">
			<subfield code="a">Verslehre.</subfield>
		</datafield>
		<datafield tag="776" ind1="0" ind2=" ">
			<subfield code="c">print</subfield>
			<subfield code="z">9783110001747</subfield>
		</datafield>
		<datafield tag="856" ind1="4" ind2="0">
			<subfield code="u">https://doi.org/10.1515/9783110827255</subfield>
		</datafield>
		<datafield tag="856" ind1="4" ind2="2">
			<subfield code="3">Cover</subfield>
			<subfield code="u">https://www.degruyter.com/doc/cover/9783110827255.jpg</subfield>
		</datafield>
		<datafield tag="912" ind1=" " ind2=" ">
			<subfield code="a">GBV-deGruyter-alles</subfield>
		</datafield>
		<datafield tag="912" ind1=" " ind2=" ">
			<subfield code="a">GBV-deGruyter-PDA11SSHE</subfield>
		</datafield>
		<datafield tag="912" ind1=" " ind2=" ">
			<subfield code="a">GBV-deGruyter-PDA14ALL</subfield>
		</datafield>
		<datafield tag="912" ind1=" " ind2=" ">
			<subfield code="a">GBV-deGruyter-PDA16SSH</subfield>
		</datafield>
		<datafield tag="912" ind1=" " ind2=" ">
			<subfield code="a">GBV-deGruyter-PDA1ALL</subfield>
		</datafield>
		<datafield tag="912" ind1=" " ind2=" ">
			<subfield code="a">GBV-deGruyter-PDA2</subfield>
		</datafield>
		<datafield tag="912" ind1=" " ind2=" ">
			<subfield code="a">GBV-deGruyter-PDA2HUM</subfield>
		</datafield>
		<datafield tag="912" ind1=" " ind2=" ">
			<subfield code="a">GBV-deGruyter-PDA5EBK</subfield>
		</datafield>
	</record>