
	<record xmlns="http://www.loc.gov/MARC21/slim">
		<leader>03339nam a22005295i 4500</leader>
		<controlfield tag="001">9783110827262</controlfield>
		<controlfield tag="003">DE-B1597</controlfield>
		<controlfield tag="005">20180327123002.0</controlfield>
		<controlfield tag="006">m|||||o||d||||||||</controlfield>
		<controlfield tag="007">cr || ||||||||</controlfield>
		<controlfield tag="008">180327s2018    gw     fo  d z      ger d</controlfield>
		<datafield tag="020" ind1=" " ind2=" ">
			<subfield code="a">9783110827262</subfield>
		</datafield>
		<datafield tag="024" ind1="7" ind2=" ">
			<subfield code="a">10.1515/9783110827262</subfield>
			<subfield code="2">doi</subfield>
		</datafield>
		<datafield tag="035" ind1=" " ind2=" ">
			<subfield code="a">(DE-B1597)43828</subfield>
		</datafield>
		<datafield tag="040" ind1=" " ind2=" ">
			<subfield code="a">DE-B1597</subfield>
			<subfield code="b">eng</subfield>
			<subfield code="c">DE-B1597</subfield>
			<subfield code="e">rda</subfield>
		</datafield>
		<datafield tag="041" ind1="0" ind2=" ">
			<subfield code="a">ger</subfield>
		</datafield>
		<datafield tag="044" ind1=" " ind2=" ">
			<subfield code="a">gw</subfield>
			<subfield code="c">DE</subfield>
		</datafield>
		<datafield tag="072" ind1=" " ind2="7">
			<subfield code="a">LIT000000</subfield>
			<subfield code="2">bisacsh</subfield>
		</datafield>
		<datafield tag="100" ind1="1" ind2=" ">
			<subfield code="a">Heusler, Andreas,</subfield>
			<subfield code="e">author.</subfield>
		</datafield>
		<datafield tag="245" ind1="1" ind2="0">
			<subfield code="a">Deutsche Versgeschichte :</subfield>
			<subfield code="b">Mit Einschluß des altenglischen und altnordischen Stabreimverses. </subfield>
			<subfield code="n">Band 2, </subfield>
			<subfield code="p">Der altdeutsche Vers.</subfield>
		</datafield>
		<datafield tag="250" ind1=" " ind2=" ">
			<subfield code="a">Unveränd. photomechan. Nachdr. der 2., unveränd. Aufl. 1956. Reprint 2017</subfield>
		</datafield>
		<datafield tag="264" ind1=" " ind2="1">
			<subfield code="a">Berlin ;Boston : </subfield>
			<subfield code="b">De Gruyter, </subfield>
			<subfield code="c">[2018]</subfield>
		</datafield>
		<datafield tag="264" ind1=" " ind2="4">
			<subfield code="c">©1968</subfield>
		</datafield>
		<datafield tag="300" ind1=" " ind2=" ">
			<subfield code="a">1 online resource (348 p.)</subfield>
		</datafield>
		<datafield tag="336" ind1=" " ind2=" ">
			<subfield code="a">text</subfield>
			<subfield code="b">txt</subfield>
			<subfield code="2">rdacontent</subfield>
		</datafield>
		<datafield tag="337" ind1=" " ind2=" ">
			<subfield code="a">computer</subfield>
			<subfield code="b">c</subfield>
			<subfield code="2">rdamedia</subfield>
		</datafield>
		<datafield tag="338" ind1=" " ind2=" ">
			<subfield code="a">online resource</subfield>
			<subfield code="b">cr</subfield>
			<subfield code="2">rdacarrier</subfield>
		</datafield>
		<datafield tag="347" ind1=" " ind2=" ">
			<subfield code="a">text file</subfield>
			<subfield code="b">PDF</subfield>
			<subfield code="2">rda</subfield>
		</datafield>
		<datafield tag="490" ind1="0" ind2=" ">
			<subfield code="a">Grundriß der germanischen Philologie ;</subfield>
			<subfield code="v">8</subfield>
		</datafield>
		<datafield tag="505" ind1="0" ind2="0">
			<subfield code="t">Frontmatter -- </subfield>
			<subfield code="t">Inhalt -- </subfield>
			<subfield code="t">TEIL III: Der altdeutsche Vers -- </subfield>
			<subfield code="t">22. Abschnitt: Überblick über den altdeutschen Zeitraum. Übergangsformen vom Stabreimvers zum Reimvers. -- </subfield>
			<subfield code="t">23. Abschnitt: Der Reim. -- </subfield>
			<subfield code="t">24. Abschnitt: Der Bau des althochdeutschen Reimverses: Das lateinische Vorbild und die Nachahmung. -- </subfield>
			<subfield code="t">25. Abschnitt: Der Bau des althochdeutschen Reimverses: Gruppenbau; Versrahmen und Versfüllung. -- </subfield>
			<subfield code="t">26. Abschnitt: Oer Bau des althochdeutschen Reimverses: An- und Abvers; Sprachbehandlung; ältere und jüngere Versfüllung. -- </subfield>
			<subfield code="t">27. Abschnitt: Der Bau des althochdeutschen Reimverses: seine Stellung zum altgermanischen Rhythmus. -- </subfield>
			<subfield code="t">28. Abschnitt: Der Bau der frühmittelhochdeutschen Reimpaare. -- </subfield>
			<subfield code="t">29. Abschnitt: Der Bau der ritterlichen Reimpaare: Füllung der Versglieder. -- </subfield>
			<subfield code="t">30. Abschnitt: Der Bau der ritterlichen Reimpaare: Gruppenbildung; Sprachbehandlung; versgeschichtliche Stellung. -- </subfield>
			<subfield code="t">31. Abschnitt: Der Bau der sanglichen Verse: Wort und Weise. Der Auf und Ab-Vers. -- </subfield>
			<subfield code="t">32. Abschnitt: Der Bau der sanglichen Verse: Innendehnung; daktylische Maße. -- </subfield>
			<subfield code="t">33. Abschnitt: Strophenbau: Allgemeines. -- </subfield>
			<subfield code="t">34. Abschnitt: Strophenbau: Töne aus gepaarten Viertaktern. -- </subfield>
			<subfield code="t">35. Abschnitt: Strophenbau: Viertaktertöne mit unpaarigen Gliedern. -- </subfield>
			<subfield code="t">36. Abschnitt: Strophenbau: Töne mit nicht-viertaktigen Gliedern. -- </subfield>
			<subfield code="t">37. Abschnitt: Strophenbau: Reimstellung; Dreiteiligkeit; Formspiele. Der Leich. -- </subfield>
			<subfield code="t">Zum Grundriß der germanischen Philologie gehören noch folgende Bände -- </subfield>
			<subfield code="t">Backmatter</subfield>
		</datafield>
		<datafield tag="538" ind1=" " ind2=" ">
			<subfield code="a">Mode of access: Internet via World Wide Web.</subfield>
		</datafield>
		<datafield tag="546" ind1=" " ind2=" ">
			<subfield code="a">In German.</subfield>
		</datafield>
		<datafield tag="588" ind1="0" ind2=" ">
			<subfield code="a">Description based on online resource; title from PDF title page (publisher's Web site, viewed 27. Mrz 2018)</subfield>
		</datafield>
		<datafield tag="650" ind1=" " ind2="4">
			<subfield code="a">Deutsch.</subfield>
		</datafield>
		<datafield tag="650" ind1=" " ind2="4">
			<subfield code="a">Vers.</subfield>
		</datafield>
		<datafield tag="650" ind1=" " ind2="4">
			<subfield code="a">Versgeschichte.</subfield>
		</datafield>
		<datafield tag="776" ind1="0" ind2=" ">
			<subfield code="c">print</subfield>
			<subfield code="z">9783110001754</subfield>
		</datafield>
		<datafield tag="856" ind1="4" ind2="0">
			<subfield code="u">https://doi.org/10.1515/9783110827262</subfield>
		</datafield>
		<datafield tag="856" ind1="4" ind2="2">
			<subfield code="3">Cover</subfield>
			<subfield code="u">https://www.degruyter.com/doc/cover/9783110827262.jpg</subfield>
		</datafield>
		<datafield tag="912" ind1=" " ind2=" ">
			<subfield code="a">GBV-deGruyter-alles</subfield>
		</datafield>
		<datafield tag="912" ind1=" " ind2=" ">
			<subfield code="a">GBV-deGruyter-PDA11SSHE</subfield>
		</datafield>
		<datafield tag="912" ind1=" " ind2=" ">
			<subfield code="a">GBV-deGruyter-PDA14ALL</subfield>
		</datafield>
		<datafield tag="912" ind1=" " ind2=" ">
			<subfield code="a">GBV-deGruyter-PDA16SSH</subfield>
		</datafield>
		<datafield tag="912" ind1=" " ind2=" ">
			<subfield code="a">GBV-deGruyter-PDA1ALL</subfield>
		</datafield>
		<datafield tag="912" ind1=" " ind2=" ">
			<subfield code="a">GBV-deGruyter-PDA2</subfield>
		</datafield>
		<datafield tag="912" ind1=" " ind2=" ">
			<subfield code="a">GBV-deGruyter-PDA2HUM</subfield>
		</datafield>
		<datafield tag="912" ind1=" " ind2=" ">
			<subfield code="a">GBV-deGruyter-PDA5EBK</subfield>
		</datafield>
	</record>