
	<record xmlns="http://www.loc.gov/MARC21/slim">
		<leader>03306nam a22005535i 4500</leader>
		<controlfield tag="001">9783110835380</controlfield>
		<controlfield tag="003">DE-B1597</controlfield>
		<controlfield tag="005">20180327123002.0</controlfield>
		<controlfield tag="006">m|||||o||d||||||||</controlfield>
		<controlfield tag="007">cr || ||||||||</controlfield>
		<controlfield tag="008">180327s2018    gw     fo  d z      ger d</controlfield>
		<datafield tag="020" ind1=" " ind2=" ">
			<subfield code="a">9783110835380</subfield>
		</datafield>
		<datafield tag="024" ind1="7" ind2=" ">
			<subfield code="a">10.1515/9783110835380</subfield>
			<subfield code="2">doi</subfield>
		</datafield>
		<datafield tag="035" ind1=" " ind2=" ">
			<subfield code="a">(DE-B1597)44036</subfield>
		</datafield>
		<datafield tag="040" ind1=" " ind2=" ">
			<subfield code="a">DE-B1597</subfield>
			<subfield code="b">eng</subfield>
			<subfield code="c">DE-B1597</subfield>
			<subfield code="e">rda</subfield>
		</datafield>
		<datafield tag="041" ind1="0" ind2=" ">
			<subfield code="a">ger</subfield>
		</datafield>
		<datafield tag="044" ind1=" " ind2=" ">
			<subfield code="a">gw</subfield>
			<subfield code="c">DE</subfield>
		</datafield>
		<datafield tag="072" ind1=" " ind2="7">
			<subfield code="a">HIS010000</subfield>
			<subfield code="2">bisacsh</subfield>
		</datafield>
		<datafield tag="072" ind1=" " ind2="7">
			<subfield code="a">HIS014000</subfield>
			<subfield code="2">bisacsh</subfield>
		</datafield>
		<datafield tag="100" ind1="1" ind2=" ">
			<subfield code="a">Wenzel, Stefi,</subfield>
			<subfield code="e">author.</subfield>
		</datafield>
		<datafield tag="245" ind1="1" ind2="0">
			<subfield code="a">Jüdische Bürger und kommunale Selbstverwaltung in preußischen Städten 1808–1848 /</subfield>
			<subfield code="c">Stefi Wenzel.</subfield>
		</datafield>
		<datafield tag="250" ind1=" " ind2=" ">
			<subfield code="a">Reprint 2018</subfield>
		</datafield>
		<datafield tag="264" ind1=" " ind2="1">
			<subfield code="a">Berlin ;Boston : </subfield>
			<subfield code="b">De Gruyter, </subfield>
			<subfield code="c">[2018]</subfield>
		</datafield>
		<datafield tag="264" ind1=" " ind2="4">
			<subfield code="c">©1967</subfield>
		</datafield>
		<datafield tag="300" ind1=" " ind2=" ">
			<subfield code="a">1 online resource (274 p.)</subfield>
		</datafield>
		<datafield tag="336" ind1=" " ind2=" ">
			<subfield code="a">text</subfield>
			<subfield code="b">txt</subfield>
			<subfield code="2">rdacontent</subfield>
		</datafield>
		<datafield tag="337" ind1=" " ind2=" ">
			<subfield code="a">computer</subfield>
			<subfield code="b">c</subfield>
			<subfield code="2">rdamedia</subfield>
		</datafield>
		<datafield tag="338" ind1=" " ind2=" ">
			<subfield code="a">online resource</subfield>
			<subfield code="b">cr</subfield>
			<subfield code="2">rdacarrier</subfield>
		</datafield>
		<datafield tag="347" ind1=" " ind2=" ">
			<subfield code="a">text file</subfield>
			<subfield code="b">PDF</subfield>
			<subfield code="2">rda</subfield>
		</datafield>
		<datafield tag="490" ind1="0" ind2=" ">
			<subfield code="a">Veröffentlichungen der Historischen Kommission zu Berlin ;</subfield>
			<subfield code="v">21</subfield>
		</datafield>
		<datafield tag="505" ind1="0" ind2="0">
			<subfield code="t">Frontmatter -- </subfield>
			<subfield code="t">VORWORT / </subfield>
			<subfield code="r">Herzfeld, Hans -- </subfield>
			<subfield code="t">INHALT -- </subfield>
			<subfield code="t">VORBEMERKUNG / </subfield>
			<subfield code="r">Wenzel, Stefi -- </subfield>
			<subfield code="t">EINLEITUNG -- </subfield>
			<subfield code="t">Fragestellung und Grundlagen -- </subfield>
			<subfield code="t">ERSTER TEIL: Jüdische Stadtverordnete und Stadträte in Berlin -- </subfield>
			<subfield code="t">1. KAPITEL: Die Stellung der Juden in der Sozialstruktur Berlins um 1800 -- </subfield>
			<subfield code="t">2. KAPITEL: Der jüdische Anteil an der Berliner Selbstverwaltung in den ersten drei Jahrzehnten des 19. Jahrhunderts -- </subfield>
			<subfield code="t">3. KAPITEL: Das liberale Engagement der jüdischen Stadtvertreter nach 1840 -- </subfield>
			<subfield code="t">ZWEITER TEIL: Jüdische Stadtvertreter in Schlesien -- </subfield>
			<subfield code="t">1. KAPITEL: Jüdische Stadtverordnete und Stadträte in Breslau -- </subfield>
			<subfield code="t">2. KAPITEL: Juden und Selbstverwaltung in Oberschlesien -- </subfield>
			<subfield code="t">3. KAPITEL: Die Juden in den Selbstverwaltungskörperschaften Niederschlesiens -- </subfield>
			<subfield code="t">DRITTER TEIL: Jüdische Kommunalvertreter in Posen -- </subfield>
			<subfield code="t">1. KAPITEL: Die Voraussetzungen für die Heranbildung jüdischer Stadt Vertreter in Posen -- </subfield>
			<subfield code="t">2. KAPITEL: Jüdische Stadtvertreter in den mittleren und kleinen Städten der Provinz Posen -- </subfield>
			<subfield code="t">3. KAPITEL: Die kommunalpolitische Aktivität der Juden in der Stadt Posen -- </subfield>
			<subfield code="t">ERGEBNISSE -- </subfield>
			<subfield code="t">Charakterisierung jüdischer Kommunalvertreter in Berlin, Schlesien und Posen -- </subfield>
			<subfield code="t">ANLAGEN: Statistische und tabellarische Übersichten -- </subfield>
			<subfield code="t">ANLAGE 1 -- </subfield>
			<subfield code="t">ANLAGE 2 -- </subfield>
			<subfield code="t">ANLAGE 3 -- </subfield>
			<subfield code="t">ANHANG -- </subfield>
			<subfield code="t">Lebenslauf eines Zempelburger Juden aus dem 19. Jahrhundert -- </subfield>
			<subfield code="t">QUELLEN-UND LITERATURVERZEICHNIS -- </subfield>
			<subfield code="t">PERSONENREGISTER -- </subfield>
			<subfield code="t">ORTSREGISTER -- </subfield>
			<subfield code="t">SACHREGISTER -- </subfield>
			<subfield code="t">Backmatter</subfield>
		</datafield>
		<datafield tag="538" ind1=" " ind2=" ">
			<subfield code="a">Mode of access: Internet via World Wide Web.</subfield>
		</datafield>
		<datafield tag="546" ind1=" " ind2=" ">
			<subfield code="a">In German.</subfield>
		</datafield>
		<datafield tag="588" ind1="0" ind2=" ">
			<subfield code="a">Description based on online resource; title from PDF title page (publisher's Web site, viewed 27. Mrz 2018)</subfield>
		</datafield>
		<datafield tag="650" ind1=" " ind2="4">
			<subfield code="a">Juden.</subfield>
		</datafield>
		<datafield tag="650" ind1=" " ind2="4">
			<subfield code="a">Kommunale Selbstverwaltung.</subfield>
		</datafield>
		<datafield tag="650" ind1=" " ind2="4">
			<subfield code="a">Preußen.</subfield>
		</datafield>
		<datafield tag="700" ind1="1" ind2=" ">
			<subfield code="a">Herzfeld, Hans.</subfield>
		</datafield>
		<datafield tag="776" ind1="0" ind2=" ">
			<subfield code="c">print</subfield>
			<subfield code="z">9783110004670</subfield>
		</datafield>
		<datafield tag="856" ind1="4" ind2="0">
			<subfield code="u">https://doi.org/10.1515/9783110835380</subfield>
		</datafield>
		<datafield tag="856" ind1="4" ind2="2">
			<subfield code="3">Cover</subfield>
			<subfield code="u">https://www.degruyter.com/doc/cover/9783110835380.jpg</subfield>
		</datafield>
		<datafield tag="912" ind1=" " ind2=" ">
			<subfield code="a">GBV-deGruyter-alles</subfield>
		</datafield>
		<datafield tag="912" ind1=" " ind2=" ">
			<subfield code="a">GBV-deGruyter-PDA11SSHE</subfield>
		</datafield>
		<datafield tag="912" ind1=" " ind2=" ">
			<subfield code="a">GBV-deGruyter-PDA14ALL</subfield>
		</datafield>
		<datafield tag="912" ind1=" " ind2=" ">
			<subfield code="a">GBV-deGruyter-PDA16SSH</subfield>
		</datafield>
		<datafield tag="912" ind1=" " ind2=" ">
			<subfield code="a">GBV-deGruyter-PDA1ALL</subfield>
		</datafield>
		<datafield tag="912" ind1=" " ind2=" ">
			<subfield code="a">GBV-deGruyter-PDA2</subfield>
		</datafield>
		<datafield tag="912" ind1=" " ind2=" ">
			<subfield code="a">GBV-deGruyter-PDA2HUM</subfield>
		</datafield>
		<datafield tag="912" ind1=" " ind2=" ">
			<subfield code="a">GBV-deGruyter-PDA5EBK</subfield>
		</datafield>
	</record>