
	<record xmlns="http://www.loc.gov/MARC21/slim">
		<leader>02908nam a22004455i 4500</leader>
		<controlfield tag="001">9783110849929</controlfield>
		<controlfield tag="003">DE-B1597</controlfield>
		<controlfield tag="005">20171023043524.0</controlfield>
		<controlfield tag="006">m|||||o||d||||||||</controlfield>
		<controlfield tag="007">cr || ||||||||</controlfield>
		<controlfield tag="008">171023s2016    gw     fo  d z      ger d</controlfield>
		<datafield tag="020" ind1=" " ind2=" ">
			<subfield code="a">9783110849929</subfield>
		</datafield>
		<datafield tag="024" ind1="7" ind2=" ">
			<subfield code="a">10.1515/9783110849929</subfield>
			<subfield code="2">doi</subfield>
		</datafield>
		<datafield tag="035" ind1=" " ind2=" ">
			<subfield code="a">(DE-B1597)51912</subfield>
		</datafield>
		<datafield tag="040" ind1=" " ind2=" ">
			<subfield code="a">DE-B1597</subfield>
			<subfield code="b">eng</subfield>
			<subfield code="c">DE-B1597</subfield>
			<subfield code="e">rda</subfield>
		</datafield>
		<datafield tag="041" ind1="0" ind2=" ">
			<subfield code="a">ger</subfield>
		</datafield>
		<datafield tag="044" ind1=" " ind2=" ">
			<subfield code="a">gw</subfield>
			<subfield code="c">DE</subfield>
		</datafield>
		<datafield tag="072" ind1=" " ind2="7">
			<subfield code="a">LIT000000</subfield>
			<subfield code="2">bisacsh</subfield>
		</datafield>
		<datafield tag="072" ind1=" " ind2="7">
			<subfield code="a">LIT020000</subfield>
			<subfield code="2">bisacsh</subfield>
		</datafield>
		<datafield tag="100" ind1="1" ind2=" ">
			<subfield code="a">Wellek, René,</subfield>
			<subfield code="e">author.</subfield>
		</datafield>
		<datafield tag="245" ind1="1" ind2="0">
			<subfield code="a">Geschichte der Literaturkritik 1750-1950. </subfield>
			<subfield code="n">Band 1, </subfield>
			<subfield code="p">Das späte 18. Jahrhundert - Das Zeitalter der Romantik /</subfield>
			<subfield code="c">René Wellek.</subfield>
		</datafield>
		<datafield tag="250" ind1=" " ind2=" ">
			<subfield code="a">verbess. Photonachdr. von 1959 Aufl. Reprint 2016</subfield>
		</datafield>
		<datafield tag="264" ind1=" " ind2="1">
			<subfield code="a">Berlin ;</subfield>
			<subfield code="a">Boston : </subfield>
			<subfield code="b">De Gruyter, </subfield>
			<subfield code="c">[2016]</subfield>
		</datafield>
		<datafield tag="264" ind1=" " ind2="4">
			<subfield code="c">©1959</subfield>
		</datafield>
		<datafield tag="300" ind1=" " ind2=" ">
			<subfield code="a">1 online resource</subfield>
		</datafield>
		<datafield tag="336" ind1=" " ind2=" ">
			<subfield code="a">text</subfield>
			<subfield code="b">txt</subfield>
			<subfield code="2">rdacontent</subfield>
		</datafield>
		<datafield tag="337" ind1=" " ind2=" ">
			<subfield code="a">computer</subfield>
			<subfield code="b">c</subfield>
			<subfield code="2">rdamedia</subfield>
		</datafield>
		<datafield tag="338" ind1=" " ind2=" ">
			<subfield code="a">online resource</subfield>
			<subfield code="b">cr</subfield>
			<subfield code="2">rdacarrier</subfield>
		</datafield>
		<datafield tag="347" ind1=" " ind2=" ">
			<subfield code="a">text file</subfield>
			<subfield code="b">PDF</subfield>
			<subfield code="2">rda</subfield>
		</datafield>
		<datafield tag="490" ind1="0" ind2=" ">
			<subfield code="a">Komparatistische Studien ;</subfield>
			<subfield code="v">7</subfield>
		</datafield>
		<datafield tag="505" ind1="0" ind2="0">
			<subfield code="t">Frontmatter -- </subfield>
			<subfield code="t">Vorbemerkung der Übersetzer -- </subfield>
			<subfield code="t">Vorwort -- </subfield>
			<subfield code="t">Inhalt -- </subfield>
			<subfield code="t">ERSTER TEIL: DAS SPÄTE 18. JAHRHUNDERT -- </subfield>
			<subfield code="t">Einleitung -- </subfield>
			<subfield code="t">Kapitel 1: Der Klassizismus und die neuen Zeitströmungen -- </subfield>
			<subfield code="t">Kapitel 2: Voltaire -- </subfield>
			<subfield code="t">Kapitel 3: Diderot -- </subfield>
			<subfield code="t">Kapitel 4: Die anderen französischen Kritiker -- </subfield>
			<subfield code="t">Kapitel 5: Dr. Johnson -- </subfield>
			<subfield code="t">Kapitel 6: Die weniger bedeutenden englischen und schottischen Kritiker -- </subfield>
			<subfield code="t">Kapitel 7: Die italienische Kritik -- </subfield>
			<subfield code="t">Kapitel 8: Lessing und seine Vorläufer -- </subfield>
			<subfield code="t">Kapitel 9: Sturm und Drang und Herder -- </subfield>
			<subfield code="t">Kapitel 10: Goethe -- </subfield>
			<subfield code="t">Kapitel 11: Kant und Schiller -- </subfield>
			<subfield code="t">ZWEITER TEIL: DAS ROMANTISCHE ZEITALTER -- </subfield>
			<subfield code="t">Einleitung -- </subfield>
			<subfield code="t">Kapitel 1: Friedrich Schlegel -- </subfield>
			<subfield code="t">Kapitel 2: August Wilhelm Schlegel -- </subfield>
			<subfield code="t">Kapitel 3: Die frühen Romantiker in Deutschland -- </subfield>
			<subfield code="t">Kapitel 4: Von Jeffrey bis Shelley -- </subfield>
			<subfield code="t">Kapitel 5: Wordsworth -- </subfield>
			<subfield code="t">Kapitel 6: Coleridge -- </subfield>
			<subfield code="t">Kapitel 7: Hazlitt, Lamb und Keats -- </subfield>
			<subfield code="t">Kapitel 8: Madame de Staël und Chateaubriand -- </subfield>
			<subfield code="t">Kapitel 9: Stendhal und Hugo -- </subfield>
			<subfield code="t">Kapitel 10: Die italienischen Kritiker -- </subfield>
			<subfield code="t">Kapitel 11: Die späteren deutschen Romantiker -- </subfield>
			<subfield code="t">Kapitel 12: Die deutschen Philosophen -- </subfield>
			<subfield code="t">Schlußwort -- </subfield>
			<subfield code="t">Abkürzungen und verkürzte Titel -- </subfield>
			<subfield code="t">Bibliographien und Anmerkungen zum ersten Teil -- </subfield>
			<subfield code="t">Bibliographien und Anmerkungen zum zweiten Teil -- </subfield>
			<subfield code="t">Zeittafel der Werke -- </subfield>
			<subfield code="t">Namenregister -- </subfield>
			<subfield code="t">Sachregister -- </subfield>
			<subfield code="t">Backmatter</subfield>
		</datafield>
		<datafield tag="538" ind1=" " ind2=" ">
			<subfield code="a">Mode of access: Internet via World Wide Web.</subfield>
		</datafield>
		<datafield tag="546" ind1=" " ind2=" ">
			<subfield code="a">In German.</subfield>
		</datafield>
		<datafield tag="588" ind1="0" ind2=" ">
			<subfield code="a">Description based on online resource; title from PDF title page (publisher's Web site, viewed 23. Okt 2017)</subfield>
		</datafield>
		<datafield tag="650" ind1=" " ind2="4">
			<subfield code="a">Literaturkritik.</subfield>
		</datafield>
		<datafield tag="776" ind1="0" ind2=" ">
			<subfield code="c">bundle</subfield>
			<subfield code="z">9783111759142</subfield>
		</datafield>
		<datafield tag="776" ind1="0" ind2=" ">
			<subfield code="c">print</subfield>
			<subfield code="z">9783110059144</subfield>
		</datafield>
		<datafield tag="856" ind1="4" ind2="0">
			<subfield code="u">https://doi.org/10.1515/9783110849929</subfield>
		</datafield>
		<datafield tag="856" ind1="4" ind2="2">
			<subfield code="3">Cover</subfield>
			<subfield code="u">https://www.degruyter.com/doc/cover/9783110849929.jpg</subfield>
		</datafield>
		<datafield tag="912" ind1=" " ind2=" ">
			<subfield code="a">GBV-deGruyter-alles</subfield>
		</datafield>
	</record>