
	<record xmlns="http://www.loc.gov/MARC21/slim">
		<leader>03928nam a22005415i 4500</leader>
		<controlfield tag="001">9783110853612</controlfield>
		<controlfield tag="003">DE-B1597</controlfield>
		<controlfield tag="005">20180327123002.0</controlfield>
		<controlfield tag="006">m|||||o||d||||||||</controlfield>
		<controlfield tag="007">cr || ||||||||</controlfield>
		<controlfield tag="008">180327s2018    gw     fo  d z      ger d</controlfield>
		<datafield tag="020" ind1=" " ind2=" ">
			<subfield code="a">9783110853612</subfield>
		</datafield>
		<datafield tag="024" ind1="7" ind2=" ">
			<subfield code="a">10.1515/9783110853612</subfield>
			<subfield code="2">doi</subfield>
		</datafield>
		<datafield tag="035" ind1=" " ind2=" ">
			<subfield code="a">(DE-B1597)51327</subfield>
		</datafield>
		<datafield tag="040" ind1=" " ind2=" ">
			<subfield code="a">DE-B1597</subfield>
			<subfield code="b">eng</subfield>
			<subfield code="c">DE-B1597</subfield>
			<subfield code="e">rda</subfield>
		</datafield>
		<datafield tag="041" ind1="0" ind2=" ">
			<subfield code="a">ger</subfield>
		</datafield>
		<datafield tag="044" ind1=" " ind2=" ">
			<subfield code="a">gw</subfield>
			<subfield code="c">DE</subfield>
		</datafield>
		<datafield tag="072" ind1=" " ind2="7">
			<subfield code="a">LIT004020</subfield>
			<subfield code="2">bisacsh</subfield>
		</datafield>
		<datafield tag="072" ind1=" " ind2="7">
			<subfield code="a">LIT004120</subfield>
			<subfield code="2">bisacsh</subfield>
		</datafield>
		<datafield tag="100" ind1="1" ind2=" ">
			<subfield code="a">Uhlig, Claus,</subfield>
			<subfield code="e">author.</subfield>
		</datafield>
		<datafield tag="245" ind1="1" ind2="0">
			<subfield code="a">Hofkritik im England des Mittelalters und der Renaissance :</subfield>
			<subfield code="b">Studien zu einem Gemeinplatz der europäischen Moralistik /</subfield>
			<subfield code="c">Claus Uhlig.</subfield>
		</datafield>
		<datafield tag="250" ind1=" " ind2=" ">
			<subfield code="a">Reprint 2018</subfield>
		</datafield>
		<datafield tag="264" ind1=" " ind2="1">
			<subfield code="a">Berlin ;Boston : </subfield>
			<subfield code="b">De Gruyter, </subfield>
			<subfield code="c">[2018]</subfield>
		</datafield>
		<datafield tag="264" ind1=" " ind2="4">
			<subfield code="c">©1973</subfield>
		</datafield>
		<datafield tag="300" ind1=" " ind2=" ">
			<subfield code="a">1 online resource (466 p.)</subfield>
		</datafield>
		<datafield tag="336" ind1=" " ind2=" ">
			<subfield code="a">text</subfield>
			<subfield code="b">txt</subfield>
			<subfield code="2">rdacontent</subfield>
		</datafield>
		<datafield tag="337" ind1=" " ind2=" ">
			<subfield code="a">computer</subfield>
			<subfield code="b">c</subfield>
			<subfield code="2">rdamedia</subfield>
		</datafield>
		<datafield tag="338" ind1=" " ind2=" ">
			<subfield code="a">online resource</subfield>
			<subfield code="b">cr</subfield>
			<subfield code="2">rdacarrier</subfield>
		</datafield>
		<datafield tag="347" ind1=" " ind2=" ">
			<subfield code="a">text file</subfield>
			<subfield code="b">PDF</subfield>
			<subfield code="2">rda</subfield>
		</datafield>
		<datafield tag="490" ind1="0" ind2=" ">
			<subfield code="a">Quellen und Forschungen zur Sprach- und Kulturgeschichte der germanischen Völker. N.F. ;</subfield>
			<subfield code="v">56</subfield>
		</datafield>
		<datafield tag="505" ind1="0" ind2="0">
			<subfield code="t">Frontmatter -- </subfield>
			<subfield code="t">Vorwort -- </subfield>
			<subfield code="t">Inhalt -- </subfield>
			<subfield code="t">Einleitung -- </subfield>
			<subfield code="t">1. Hofkritik als Gemeinplatz der europäischen Moralistik -- </subfield>
			<subfield code="t">2. Zur Situation der Forschung -- </subfield>
			<subfield code="t">Erster Teil: Hofkritisches Schrifttum des Mittelalters -- </subfield>
			<subfield code="t">I. Johannes von Salisbury und seine Zeit -- </subfield>
			<subfield code="t">1. Staat und Kirche -- </subfield>
			<subfield code="t">2. Entheticus -- </subfield>
			<subfield code="t">3. Policraticus -- </subfield>
			<subfield code="t">II. Moralphilosophie und Fürstenspiegel -- </subfield>
			<subfield code="t">1. Giraldus Cambrensis -- </subfield>
			<subfield code="t">2. Die Methode der hochmittelalterlichen Morallehre -- </subfield>
			<subfield code="t">3. Antihöfische loci communes in Fürstenspiegeln -- </subfield>
			<subfield code="t">III. Moralisch-satirische Dichtung und verwandte Gattungen -- </subfield>
			<subfield code="t">1. Zeitklage, allegorische Satire und Streitgedicht -- </subfield>
			<subfield code="t">2. Brief und Anekdote -- </subfield>
			<subfield code="t">3. Fabel und Tierdichtung -- </subfield>
			<subfield code="t">Zweiter Teil: Hofkritisches Schrifttum der kontinentalen Renaissance und seine Einwirkung auf England -- </subfield>
			<subfield code="t">IV. Loci communes als historische Kategorien -- </subfield>
			<subfield code="t">1. Die Begriffe Topos und locus communis -- </subfield>
			<subfield code="t">2. Hofkritisches Material in humanistischen Lod-Sammlungen -- </subfield>
			<subfield code="t">V. Der Beitrag Italiens, Deutschlands und Hollands -- </subfield>
			<subfield code="t">1. Aeneas Sylvius Piccolomini -- </subfield>
			<subfield code="t">2. Sebastian Brant und Erasmus -- </subfield>
			<subfield code="t">3. Tendenzen innerhalb der antihöfischen Tradition -- </subfield>
			<subfield code="t">VI. Der Einfluß Spaniens und Frankreichs -- </subfield>
			<subfield code="t">1. Die Kontinuität der Hofkritik vom Mittelalter zur Renaissance -- </subfield>
			<subfield code="t">2. Fray Antonio de Guevara -- </subfield>
			<subfield code="t">3. Hofkritik als variable Konvention -- </subfield>
			<subfield code="t">Dritter Teil: Zeugnisse der englischen Literatur des 15. und 16. Jahrhunderts im Lichte der hofkritischen Tradition -- </subfield>
			<subfield code="t">VII. Der Tudorhof in der Kritik Skeltons und Wyatts -- </subfield>
			<subfield code="t">1. John Skelton -- </subfield>
			<subfield code="t">2. Sir Thomas Wyatt -- </subfield>
			<subfield code="t">VIII. Hofkritik in der elisabethanischen Literatur -- </subfield>
			<subfield code="t">1. „Hof" und „Höfling" in moralistischen sowie satirischen Gattungen -- </subfield>
			<subfield code="t">2. Hofkritik als Zeitkritik und „Argumentationsmodell" -- </subfield>
			<subfield code="t">IX. Spensers Stellung in der antihöfischen Tradition -- </subfield>
			<subfield code="t">1. Autobiographische und traditionelle Elemente in zwei Minor Poems -- </subfield>
			<subfield code="t">2. Das sechste Buch der Faerie Queene im Rahmen der hofkritischen Uberlieferung -- </subfield>
			<subfield code="t">Schlußbetrachtung -- </subfield>
			<subfield code="t">Anhang -- </subfield>
			<subfield code="t">Bibliographische Anmerkung -- </subfield>
			<subfield code="t">Literaturverzeichnis -- </subfield>
			<subfield code="t">Register</subfield>
		</datafield>
		<datafield tag="538" ind1=" " ind2=" ">
			<subfield code="a">Mode of access: Internet via World Wide Web.</subfield>
		</datafield>
		<datafield tag="546" ind1=" " ind2=" ">
			<subfield code="a">In German.</subfield>
		</datafield>
		<datafield tag="588" ind1="0" ind2=" ">
			<subfield code="a">Description based on online resource; title from PDF title page (publisher's Web site, viewed 27. Mrz 2018)</subfield>
		</datafield>
		<datafield tag="650" ind1=" " ind2="4">
			<subfield code="a">Geschichte 1150-1596.</subfield>
		</datafield>
		<datafield tag="650" ind1=" " ind2="4">
			<subfield code="a">Hof.</subfield>
		</datafield>
		<datafield tag="650" ind1=" " ind2="4">
			<subfield code="a">Kritik.</subfield>
		</datafield>
		<datafield tag="776" ind1="0" ind2=" ">
			<subfield code="c">print</subfield>
			<subfield code="z">9783110045017</subfield>
		</datafield>
		<datafield tag="856" ind1="4" ind2="0">
			<subfield code="u">https://doi.org/10.1515/9783110853612</subfield>
		</datafield>
		<datafield tag="856" ind1="4" ind2="2">
			<subfield code="3">Cover</subfield>
			<subfield code="u">https://www.degruyter.com/doc/cover/9783110853612.jpg</subfield>
		</datafield>
		<datafield tag="912" ind1=" " ind2=" ">
			<subfield code="a">GBV-deGruyter-alles</subfield>
		</datafield>
		<datafield tag="912" ind1=" " ind2=" ">
			<subfield code="a">GBV-deGruyter-PDA11SSHE</subfield>
		</datafield>
		<datafield tag="912" ind1=" " ind2=" ">
			<subfield code="a">GBV-deGruyter-PDA14ALL</subfield>
		</datafield>
		<datafield tag="912" ind1=" " ind2=" ">
			<subfield code="a">GBV-deGruyter-PDA16SSH</subfield>
		</datafield>
		<datafield tag="912" ind1=" " ind2=" ">
			<subfield code="a">GBV-deGruyter-PDA1ALL</subfield>
		</datafield>
		<datafield tag="912" ind1=" " ind2=" ">
			<subfield code="a">GBV-deGruyter-PDA2</subfield>
		</datafield>
		<datafield tag="912" ind1=" " ind2=" ">
			<subfield code="a">GBV-deGruyter-PDA2HUM</subfield>
		</datafield>
		<datafield tag="912" ind1=" " ind2=" ">
			<subfield code="a">GBV-deGruyter-PDA5EBK</subfield>
		</datafield>
	</record>