
	<record xmlns="http://www.loc.gov/MARC21/slim">
		<leader>05767nam a22005655i 4500</leader>
		<controlfield tag="001">9783110859515</controlfield>
		<controlfield tag="003">DE-B1597</controlfield>
		<controlfield tag="005">20180327123002.0</controlfield>
		<controlfield tag="006">m|||||o||d||||||||</controlfield>
		<controlfield tag="007">cr || ||||||||</controlfield>
		<controlfield tag="008">180327s2018    gw     fo  d z      ger d</controlfield>
		<datafield tag="020" ind1=" " ind2=" ">
			<subfield code="a">9783110859515</subfield>
		</datafield>
		<datafield tag="024" ind1="7" ind2=" ">
			<subfield code="a">10.1515/9783110859515</subfield>
			<subfield code="2">doi</subfield>
		</datafield>
		<datafield tag="035" ind1=" " ind2=" ">
			<subfield code="a">(DE-B1597)53243</subfield>
		</datafield>
		<datafield tag="040" ind1=" " ind2=" ">
			<subfield code="a">DE-B1597</subfield>
			<subfield code="b">eng</subfield>
			<subfield code="c">DE-B1597</subfield>
			<subfield code="e">rda</subfield>
		</datafield>
		<datafield tag="041" ind1="0" ind2=" ">
			<subfield code="a">ger</subfield>
		</datafield>
		<datafield tag="044" ind1=" " ind2=" ">
			<subfield code="a">gw</subfield>
			<subfield code="c">DE</subfield>
		</datafield>
		<datafield tag="072" ind1=" " ind2="7">
			<subfield code="a">HIS010000</subfield>
			<subfield code="2">bisacsh</subfield>
		</datafield>
		<datafield tag="072" ind1=" " ind2="7">
			<subfield code="a">HIS014000</subfield>
			<subfield code="2">bisacsh</subfield>
		</datafield>
		<datafield tag="245" ind1="0" ind2="0">
			<subfield code="a">Ständetum und Staatsbildung in Brandenburg-Preußen :</subfield>
			<subfield code="b">Ergebnisse einer internationalen Fachtagung /</subfield>
			<subfield code="c">Peter Baumgart, Jürgen Schmädeke.</subfield>
		</datafield>
		<datafield tag="250" ind1=" " ind2=" ">
			<subfield code="a">Reprint 2018</subfield>
		</datafield>
		<datafield tag="264" ind1=" " ind2="1">
			<subfield code="a">Berlin ;Boston : </subfield>
			<subfield code="b">De Gruyter, </subfield>
			<subfield code="c">[2018]</subfield>
		</datafield>
		<datafield tag="264" ind1=" " ind2="4">
			<subfield code="c">©1983</subfield>
		</datafield>
		<datafield tag="300" ind1=" " ind2=" ">
			<subfield code="a">1 online resource (520 p.)</subfield>
		</datafield>
		<datafield tag="336" ind1=" " ind2=" ">
			<subfield code="a">text</subfield>
			<subfield code="b">txt</subfield>
			<subfield code="2">rdacontent</subfield>
		</datafield>
		<datafield tag="337" ind1=" " ind2=" ">
			<subfield code="a">computer</subfield>
			<subfield code="b">c</subfield>
			<subfield code="2">rdamedia</subfield>
		</datafield>
		<datafield tag="338" ind1=" " ind2=" ">
			<subfield code="a">online resource</subfield>
			<subfield code="b">cr</subfield>
			<subfield code="2">rdacarrier</subfield>
		</datafield>
		<datafield tag="347" ind1=" " ind2=" ">
			<subfield code="a">text file</subfield>
			<subfield code="b">PDF</subfield>
			<subfield code="2">rda</subfield>
		</datafield>
		<datafield tag="490" ind1="0" ind2=" ">
			<subfield code="a">Veröffentlichungen der Historischen Kommission zu Berlin ;</subfield>
			<subfield code="v">55</subfield>
		</datafield>
		<datafield tag="505" ind1="0" ind2="0">
			<subfield code="t">Frontmatter -- </subfield>
			<subfield code="t">GELEITWORT / </subfield>
			<subfield code="r">Büsch, Otto -- </subfield>
			<subfield code="t">INHALT -- </subfield>
			<subfield code="t">VORWORT / </subfield>
			<subfield code="r">Baumgart, Peter -- </subfield>
			<subfield code="t">VERZEICHNIS DER TEILNEHMER -- </subfield>
			<subfield code="t">Eröffnungssitzung -- </subfield>
			<subfield code="t">Referat -- </subfield>
			<subfield code="t">Ständetum und Staatsbildung in Brandenburg-Preußen Zur Einführung und Problemstellung / </subfield>
			<subfield code="r">Baumgart, Peter -- </subfield>
			<subfield code="t">Erster Teil. Vom Territorialstaat des 16. Jahrhunderts zum Militär- und Verwaltungsstaat des 18. Jahrhunderts -- </subfield>
			<subfield code="t">Erste Arbeitssitzung -- </subfield>
			<subfield code="t">Einleitungsreferat -- </subfield>
			<subfield code="t">Formen und Tendenzen des europäischen Ständewesens im 16. und 17. Jahrhundert / </subfield>
			<subfield code="r">Koenigsberger, Helmut G. -- </subfield>
			<subfield code="t">Diskussionsbericht -- </subfield>
			<subfield code="t">Eröffnungssitzung und ersten Arbeitssitzung / </subfield>
			<subfield code="r">Neugebauer, Wolfgang -- </subfield>
			<subfield code="t">Zweite Arbeitssitzung -- </subfield>
			<subfield code="t">Referate -- </subfield>
			<subfield code="t">Landesstaat und Ständetum im Kurfürstentum Brandenburg während des 16. und 17. Jahrhunderts / </subfield>
			<subfield code="r">Hahn, Peter-Michael -- </subfield>
			<subfield code="t">Das Ständewesen im Herzoglichen Preußen und im Königlichen Preußen — Ein Vergleich -- </subfield>
			<subfield code="t">Ständeherrschaft und Ständekonflikte im Herzogtum Preußen / </subfield>
			<subfield code="r">Arnold, Udo -- </subfield>
			<subfield code="t">Die Stände des Königlichen Preußen und die Republik Polen in den Jahren 1526 bis 1660 / </subfield>
			<subfield code="r">Mallek, Janusz -- </subfield>
			<subfield code="t">Das Königliche Preußen (Preußen königlich-polnischen Anteils) 1454 bis 1569 mit dem Hochstift Ermland und den drei großen Städten Danzig, Elbing und Thorn — Innerer Aufbau und das Verhältnis zur Krone Polen / </subfield>
			<subfield code="r">Wermter, Ernst Manfred -- </subfield>
			<subfield code="t">Dritte Arbeitssitzung -- </subfield>
			<subfield code="t">Referate -- </subfield>
			<subfield code="t">Ständische Korporationen und absolutistische Landesherrschaft in Preußisch-Hinterpommern und Schwedisch-Vorpommern (1637–1816) / </subfield>
			<subfield code="r">Heinrich, Gerd -- </subfield>
			<subfield code="t">Die Stände in Magdeburg, Halberstadt und Minden im 17. und 18. Jahrhundert / </subfield>
			<subfield code="r">Neugebauer, Wolfgang -- </subfield>
			<subfield code="t">Die Landjudenschaften der brandenburgischpreußischen Staaten im 17. und 18. Jahrhundert – Ihre Beziehungen untereinander aufgrund neuerschlossener jüdischer Quellen / </subfield>
			<subfield code="r">Cohen, Daniel J. -- </subfield>
			<subfield code="t">Diskussionsbericht zur zweiten und dritten Arbeitssitzung -- </subfield>
			<subfield code="t">Berichterstattung / </subfield>
			<subfield code="r">Schindling, Anton -- </subfield>
			<subfield code="t">Vierte Arbeitssitzung -- </subfield>
			<subfield code="t">Referate -- </subfield>
			<subfield code="t">Stände im Spannungsfeld zwischen Brandenburg-Preußen, Pfalz-Neuburg und den niederländischen Generalstaaten: Cleve-Mark und Jülich-Berg im Vergleich / </subfield>
			<subfield code="r">Opgenoorth, Ernst -- </subfield>
			<subfield code="t">Das Ständewesen in den Erblanden der Habsburger Monarchie bis 1740: Vom dualistischen Ständestaat zum organisch-föderativen Absolutismus / </subfield>
			<subfield code="r">Schulze, Winfried -- </subfield>
			<subfield code="t">Formen des Ständewesens in den deutschen Territorialstaaten des 16. und 17. Jahrhunderts / </subfield>
			<subfield code="r">Press, Volker -- </subfield>
			<subfield code="t">Diskussionsbericht zur vierten Arbeitssitzung -- </subfield>
			<subfield code="t">Berichterstattung / </subfield>
			<subfield code="r">Krüger, Kersten -- </subfield>
			<subfield code="t">Zweiter Teil. Ständetum und Absolutismus im 18. und frühen 19. Jahrhundert -- </subfield>
			<subfield code="t">Fünfte Arbeitssitzung -- </subfield>
			<subfield code="t">Referate. Die schlesischen Stände zwischen Habsburger Monarchie und Brandenburg-Preußen -- </subfield>
			<subfield code="t">Die schlesische Ständeverfassung im Umbruch – Vom altständischen Herzogtum zur preußischen Provinz / </subfield>
			<subfield code="r">Conrads, Norbert -- </subfield>
			<subfield code="t">Die Stände in Österreichisch-Restschlesien seit den vierziger Jahren / </subfield>
			<subfield code="r">Wolf, Jürgen Rainer -- </subfield>
			<subfield code="t">Skizze zur Geschichte der erbländischen Stände im aufgeklärten Absolutismus der Habsburger (etwa 1740 bis 1790) / </subfield>
			<subfield code="r">Klingenstein, Grete -- </subfield>
			<subfield code="t">Diskussionsbericht zur fünften Arbeitssitzung -- </subfield>
			<subfield code="t">Berichterstattung / </subfield>
			<subfield code="r">Krüger, Kersten -- </subfield>
			<subfield code="t">Sechste Arbeitssitzung -- </subfield>
			<subfield code="t">Referate -- </subfield>
			<subfield code="t">Der preußische Hochabsolutismus und die Stände / </subfield>
			<subfield code="r">Birtsch, Günter -- </subfield>
			<subfield code="t">Das Ständewesen in Ostfriesland / </subfield>
			<subfield code="r">Eimers, Enno -- </subfield>
			<subfield code="t">Diskussionsbericht zur sechsten Arbeitssitzung -- </subfield>
			<subfield code="t">Berichterstattung / </subfield>
			<subfield code="r">Hahn, Peter-Michael -- </subfield>
			<subfield code="t">Siebente Arbeitssitzung -- </subfield>
			<subfield code="t">Referate -- </subfield>
			<subfield code="t">Verfassungsproblematik und Ständepolitik in der preußischen Reformzeit / </subfield>
			<subfield code="r">Botzenhart, Manfred -- </subfield>
			<subfield code="t">Die Provinziallandtage im Vormärz unter besonderer Berücksichtigung der Rheinprovinz und der Provinz Westfalen / </subfield>
			<subfield code="r">Croon, Helmuth -- </subfield>
			<subfield code="t">Diskussionsbericht zur siebenten Arbeitssitzung und zur Schlußdiskussion -- </subfield>
			<subfield code="t">Berichterstattung / </subfield>
			<subfield code="r">Schmädeke, Jürgen -- </subfield>
			<subfield code="t">Backmatter</subfield>
		</datafield>
		<datafield tag="538" ind1=" " ind2=" ">
			<subfield code="a">Mode of access: Internet via World Wide Web.</subfield>
		</datafield>
		<datafield tag="546" ind1=" " ind2=" ">
			<subfield code="a">In German.</subfield>
		</datafield>
		<datafield tag="588" ind1="0" ind2=" ">
			<subfield code="a">Description based on online resource; title from PDF title page (publisher's Web site, viewed 27. Mrz 2018)</subfield>
		</datafield>
		<datafield tag="650" ind1=" " ind2="4">
			<subfield code="a">Geschichte ‹1500-1820›.</subfield>
		</datafield>
		<datafield tag="650" ind1=" " ind2="4">
			<subfield code="a">Preußen.</subfield>
		</datafield>
		<datafield tag="650" ind1=" " ind2="4">
			<subfield code="a">Stände.</subfield>
		</datafield>
		<datafield tag="700" ind1="1" ind2=" ">
			<subfield code="a">Baumgart, Peter, </subfield>
			<subfield code="e">editor.</subfield>
		</datafield>
		<datafield tag="700" ind1="1" ind2=" ">
			<subfield code="a">Büsch, Otto.</subfield>
		</datafield>
		<datafield tag="700" ind1="1" ind2=" ">
			<subfield code="a">Schmädeke, Jürgen, </subfield>
			<subfield code="e">editor.</subfield>
		</datafield>
		<datafield tag="776" ind1="0" ind2=" ">
			<subfield code="c">print</subfield>
			<subfield code="z">9783110095173</subfield>
		</datafield>
		<datafield tag="856" ind1="4" ind2="0">
			<subfield code="u">https://doi.org/10.1515/9783110859515</subfield>
		</datafield>
		<datafield tag="856" ind1="4" ind2="2">
			<subfield code="3">Cover</subfield>
			<subfield code="u">https://www.degruyter.com/doc/cover/9783110859515.jpg</subfield>
		</datafield>
		<datafield tag="912" ind1=" " ind2=" ">
			<subfield code="a">GBV-deGruyter-alles</subfield>
		</datafield>
		<datafield tag="912" ind1=" " ind2=" ">
			<subfield code="a">GBV-deGruyter-PDA11SSHE</subfield>
		</datafield>
		<datafield tag="912" ind1=" " ind2=" ">
			<subfield code="a">GBV-deGruyter-PDA14ALL</subfield>
		</datafield>
		<datafield tag="912" ind1=" " ind2=" ">
			<subfield code="a">GBV-deGruyter-PDA16SSH</subfield>
		</datafield>
		<datafield tag="912" ind1=" " ind2=" ">
			<subfield code="a">GBV-deGruyter-PDA1ALL</subfield>
		</datafield>
		<datafield tag="912" ind1=" " ind2=" ">
			<subfield code="a">GBV-deGruyter-PDA2</subfield>
		</datafield>
		<datafield tag="912" ind1=" " ind2=" ">
			<subfield code="a">GBV-deGruyter-PDA2HUM</subfield>
		</datafield>
		<datafield tag="912" ind1=" " ind2=" ">
			<subfield code="a">GBV-deGruyter-PDA5EBK</subfield>
		</datafield>
	</record>