
	<record xmlns="http://www.loc.gov/MARC21/slim">
		<leader>02261nam a22005535i 4500</leader>
		<controlfield tag="001">9783110865660</controlfield>
		<controlfield tag="003">DE-B1597</controlfield>
		<controlfield tag="005">20180327123002.0</controlfield>
		<controlfield tag="006">m|||||o||d||||||||</controlfield>
		<controlfield tag="007">cr || ||||||||</controlfield>
		<controlfield tag="008">180327s2018    gw     fo  d z      ger d</controlfield>
		<datafield tag="020" ind1=" " ind2=" ">
			<subfield code="a">9783110865660</subfield>
		</datafield>
		<datafield tag="024" ind1="7" ind2=" ">
			<subfield code="a">10.1515/9783110865660</subfield>
			<subfield code="2">doi</subfield>
		</datafield>
		<datafield tag="035" ind1=" " ind2=" ">
			<subfield code="a">(DE-B1597)52539</subfield>
		</datafield>
		<datafield tag="040" ind1=" " ind2=" ">
			<subfield code="a">DE-B1597</subfield>
			<subfield code="b">eng</subfield>
			<subfield code="c">DE-B1597</subfield>
			<subfield code="e">rda</subfield>
		</datafield>
		<datafield tag="041" ind1="0" ind2=" ">
			<subfield code="a">ger</subfield>
		</datafield>
		<datafield tag="044" ind1=" " ind2=" ">
			<subfield code="a">gw</subfield>
			<subfield code="c">DE</subfield>
		</datafield>
		<datafield tag="072" ind1=" " ind2="7">
			<subfield code="a">LIT000000</subfield>
			<subfield code="2">bisacsh</subfield>
		</datafield>
		<datafield tag="072" ind1=" " ind2="7">
			<subfield code="a">LIT004170</subfield>
			<subfield code="2">bisacsh</subfield>
		</datafield>
		<datafield tag="072" ind1=" " ind2="7">
			<subfield code="a">REL015000</subfield>
			<subfield code="2">bisacsh</subfield>
		</datafield>
		<datafield tag="100" ind1="1" ind2=" ">
			<subfield code="a">Kettler, Wilfried,</subfield>
			<subfield code="e">author.</subfield>
		</datafield>
		<datafield tag="245" ind1="1" ind2="4">
			<subfield code="a">Das Jüngste Gericht :</subfield>
			<subfield code="b">Philologische Studien zu den Eschatologie-Vorstellungen in den alt- und frühmittelhochdeutschen Denkmälern /</subfield>
			<subfield code="c">Wilfried Kettler.</subfield>
		</datafield>
		<datafield tag="250" ind1=" " ind2=" ">
			<subfield code="a">Reprint 2018</subfield>
		</datafield>
		<datafield tag="264" ind1=" " ind2="1">
			<subfield code="a">Berlin ;Boston : </subfield>
			<subfield code="b">De Gruyter, </subfield>
			<subfield code="c">[2018]</subfield>
		</datafield>
		<datafield tag="264" ind1=" " ind2="4">
			<subfield code="c">©1977</subfield>
		</datafield>
		<datafield tag="300" ind1=" " ind2=" ">
			<subfield code="a">1 online resource (493 p.)</subfield>
		</datafield>
		<datafield tag="336" ind1=" " ind2=" ">
			<subfield code="a">text</subfield>
			<subfield code="b">txt</subfield>
			<subfield code="2">rdacontent</subfield>
		</datafield>
		<datafield tag="337" ind1=" " ind2=" ">
			<subfield code="a">computer</subfield>
			<subfield code="b">c</subfield>
			<subfield code="2">rdamedia</subfield>
		</datafield>
		<datafield tag="338" ind1=" " ind2=" ">
			<subfield code="a">online resource</subfield>
			<subfield code="b">cr</subfield>
			<subfield code="2">rdacarrier</subfield>
		</datafield>
		<datafield tag="347" ind1=" " ind2=" ">
			<subfield code="a">text file</subfield>
			<subfield code="b">PDF</subfield>
			<subfield code="2">rda</subfield>
		</datafield>
		<datafield tag="490" ind1="0" ind2=" ">
			<subfield code="a">Quellen und Forschungen zur Sprach- und Kulturgeschichte der germanischen Völker. N.F. ;</subfield>
			<subfield code="v">70</subfield>
		</datafield>
		<datafield tag="505" ind1="0" ind2="0">
			<subfield code="t">Frontmatter -- </subfield>
			<subfield code="t">Vorwort -- </subfield>
			<subfield code="t">Inhalt -- </subfield>
			<subfield code="t">Literatur - und Abkürzungsverzeichnis -- </subfield>
			<subfield code="t">Einleitende Bemerkungen -- </subfield>
			<subfield code="t">I. Die Eschatologie-Vorstellungen in den althochdeutschen Denkmälern -- </subfield>
			<subfield code="t">II. Die Eschatologie-Vorstellungen in den frühmittelhochdeutschen Denkmälern -- </subfield>
			<subfield code="t">Zusammenfassung -- </subfield>
			<subfield code="t">Stellenverzeichnis -- </subfield>
			<subfield code="t">Backmatter</subfield>
		</datafield>
		<datafield tag="538" ind1=" " ind2=" ">
			<subfield code="a">Mode of access: Internet via World Wide Web.</subfield>
		</datafield>
		<datafield tag="546" ind1=" " ind2=" ">
			<subfield code="a">In German.</subfield>
		</datafield>
		<datafield tag="588" ind1="0" ind2=" ">
			<subfield code="a">Description based on online resource; title from PDF title page (publisher's Web site, viewed 27. Mrz 2018)</subfield>
		</datafield>
		<datafield tag="650" ind1=" " ind2="4">
			<subfield code="a">Althochdeutsch.</subfield>
		</datafield>
		<datafield tag="650" ind1=" " ind2="4">
			<subfield code="a">Deutsch.</subfield>
		</datafield>
		<datafield tag="650" ind1=" " ind2="4">
			<subfield code="a">Eschatologie ‹Motiv›.</subfield>
		</datafield>
		<datafield tag="776" ind1="0" ind2=" ">
			<subfield code="c">print</subfield>
			<subfield code="z">9783110073454</subfield>
		</datafield>
		<datafield tag="856" ind1="4" ind2="0">
			<subfield code="u">https://doi.org/10.1515/9783110865660</subfield>
		</datafield>
		<datafield tag="856" ind1="4" ind2="2">
			<subfield code="3">Cover</subfield>
			<subfield code="u">https://www.degruyter.com/doc/cover/9783110865660.jpg</subfield>
		</datafield>
		<datafield tag="912" ind1=" " ind2=" ">
			<subfield code="a">GBV-deGruyter-alles</subfield>
		</datafield>
		<datafield tag="912" ind1=" " ind2=" ">
			<subfield code="a">GBV-deGruyter-PDA11SSHE</subfield>
		</datafield>
		<datafield tag="912" ind1=" " ind2=" ">
			<subfield code="a">GBV-deGruyter-PDA14ALL</subfield>
		</datafield>
		<datafield tag="912" ind1=" " ind2=" ">
			<subfield code="a">GBV-deGruyter-PDA16SSH</subfield>
		</datafield>
		<datafield tag="912" ind1=" " ind2=" ">
			<subfield code="a">GBV-deGruyter-PDA1ALL</subfield>
		</datafield>
		<datafield tag="912" ind1=" " ind2=" ">
			<subfield code="a">GBV-deGruyter-PDA2</subfield>
		</datafield>
		<datafield tag="912" ind1=" " ind2=" ">
			<subfield code="a">GBV-deGruyter-PDA2HUM</subfield>
		</datafield>
		<datafield tag="912" ind1=" " ind2=" ">
			<subfield code="a">GBV-deGruyter-PDA5EBK</subfield>
		</datafield>
	</record>