
	<record xmlns="http://www.loc.gov/MARC21/slim">
		<leader>02505nam a22004815i 4500</leader>
		<controlfield tag="001">9783110875713</controlfield>
		<controlfield tag="003">DE-B1597</controlfield>
		<controlfield tag="005">20170630101125.0</controlfield>
		<controlfield tag="006">m|||||o||d||||||||</controlfield>
		<controlfield tag="007">cr || ||||||||</controlfield>
		<controlfield tag="008">170630s2017    gw     fo  d z      ger d</controlfield>
		<datafield tag="020" ind1=" " ind2=" ">
			<subfield code="a">9783110875713</subfield>
		</datafield>
		<datafield tag="024" ind1="7" ind2=" ">
			<subfield code="a">10.1515/9783110875713</subfield>
			<subfield code="2">doi</subfield>
		</datafield>
		<datafield tag="035" ind1=" " ind2=" ">
			<subfield code="a">(DE-B1597)56060</subfield>
		</datafield>
		<datafield tag="035" ind1=" " ind2=" ">
			<subfield code="a">(OCoLC)992527223</subfield>
		</datafield>
		<datafield tag="040" ind1=" " ind2=" ">
			<subfield code="a">DE-B1597</subfield>
			<subfield code="b">eng</subfield>
			<subfield code="c">DE-B1597</subfield>
			<subfield code="e">rda</subfield>
		</datafield>
		<datafield tag="041" ind1="0" ind2=" ">
			<subfield code="a">ger</subfield>
		</datafield>
		<datafield tag="044" ind1=" " ind2=" ">
			<subfield code="a">gw</subfield>
			<subfield code="c">DE</subfield>
		</datafield>
		<datafield tag="072" ind1=" " ind2="7">
			<subfield code="a">PHI000000</subfield>
			<subfield code="2">bisacsh</subfield>
		</datafield>
		<datafield tag="072" ind1=" " ind2="7">
			<subfield code="a">PHI016000</subfield>
			<subfield code="2">bisacsh</subfield>
		</datafield>
		<datafield tag="100" ind1="1" ind2=" ">
			<subfield code="a">Nietzsche, Friedrich‏ ‎</subfield>
			<subfield code="d">1844-1900‏,</subfield>
			<subfield code="e">author.</subfield>
		</datafield>
		<datafield tag="245" ind1="0" ind2="0">
			<subfield code="a">Nachgelassene Aufzeichnungen, </subfield>
			<subfield code="g">Frühjahr 1868 - Herbst 1869 /</subfield>
			<subfield code="c">Friedrich Nietzsche. Bearbeitet von Katherina Glau.</subfield>
		</datafield>
		<datafield tag="250" ind1=" " ind2=" ">
			<subfield code="a">Reprint 2017</subfield>
		</datafield>
		<datafield tag="264" ind1=" " ind2="1">
			<subfield code="a">Berlin ;</subfield>
			<subfield code="a">Boston : </subfield>
			<subfield code="b">De Gruyter, </subfield>
			<subfield code="c">[2017]</subfield>
		</datafield>
		<datafield tag="264" ind1=" " ind2="4">
			<subfield code="c">©2003</subfield>
		</datafield>
		<datafield tag="300" ind1=" " ind2=" ">
			<subfield code="a">1 online resource (456 p.)</subfield>
		</datafield>
		<datafield tag="336" ind1=" " ind2=" ">
			<subfield code="a">text</subfield>
			<subfield code="b">txt</subfield>
			<subfield code="2">rdacontent</subfield>
		</datafield>
		<datafield tag="337" ind1=" " ind2=" ">
			<subfield code="a">computer</subfield>
			<subfield code="b">c</subfield>
			<subfield code="2">rdamedia</subfield>
		</datafield>
		<datafield tag="338" ind1=" " ind2=" ">
			<subfield code="a">online resource</subfield>
			<subfield code="b">cr</subfield>
			<subfield code="2">rdacarrier</subfield>
		</datafield>
		<datafield tag="347" ind1=" " ind2=" ">
			<subfield code="a">text file</subfield>
			<subfield code="b">PDF</subfield>
			<subfield code="2">rda</subfield>
		</datafield>
		<datafield tag="490" ind1="0" ind2=" ">
			<subfield code="a">Nietzsche - Werke : Kritische Gesamtausgabe / begr. von Giorgio Colli ... Weitergeführt von Volker Gerhardt ... Abt. 1 ;</subfield>
			<subfield code="v">Bd. 5</subfield>
		</datafield>
		<datafield tag="505" ind1="0" ind2="0">
			<subfield code="t">Frontmatter -- </subfield>
			<subfield code="t">Vorwort -- </subfield>
			<subfield code="t">Vorbemerkungen zur Bearbeitung -- </subfield>
			<subfield code="t">[63; April 1868 bis Februar 1869] -- </subfield>
			<subfield code="t">[64; Frühjahr bis Herbst 1868] -- </subfield>
			<subfield code="t">[65; Frühjahr bis Herbst 1868] -- </subfield>
			<subfield code="t">[66; Frühjahr bis Herbst 1868] -- </subfield>
			<subfield code="t">[67; Frühjahr 1868 bis Frühjahr 1869] -- </subfield>
			<subfield code="t">[68; Frühjahr 1868 bis Frühjahr 1869] -- </subfield>
			<subfield code="t">[69; Herbst 1868 bis Frühjahr 1869] -- </subfield>
			<subfield code="t">[70; Herbst 1868 bis Frühjahr 1869] -- </subfield>
			<subfield code="t">[71; Herbst 1868 bis Frühjahr 1869] -- </subfield>
			<subfield code="t">[72; Herbst 1868 bis Frühjahr 1869] -- </subfield>
			<subfield code="t">[73; Februar 1868 bis Herbst 1869] -- </subfield>
			<subfield code="t">[74; März 1868 bis Mai 1869] -- </subfield>
			<subfield code="t">[75; Februar 1868 bis Oktober 1869] -- </subfield>
			<subfield code="t">[76; April bis September 1869] -- </subfield>
			<subfield code="t">[77; September 1868 bis Herbst 1869] -- </subfield>
			<subfield code="t">Nachweis der aktuellen Signatur Goethe-Schiller-Archiv Weimar (GSA) für die im vorliegenden Band abgedruckten Texte -- </subfield>
			<subfield code="t">Inhalt</subfield>
		</datafield>
		<datafield tag="538" ind1=" " ind2=" ">
			<subfield code="a">Mode of access: Internet via World Wide Web.</subfield>
		</datafield>
		<datafield tag="546" ind1=" " ind2=" ">
			<subfield code="a">In German.</subfield>
		</datafield>
		<datafield tag="588" ind1="0" ind2=" ">
			<subfield code="a">Description based on online resource; title from PDF title page (publisher's Web site, viewed 30. Jun 2017)</subfield>
		</datafield>
		<datafield tag="700" ind1="1" ind2=" ">
			<subfield code="a">Figl, Johann.</subfield>
		</datafield>
		<datafield tag="700" ind1="1" ind2=" ">
			<subfield code="a">Glau, Katherina.</subfield>
		</datafield>
		<datafield tag="700" ind1="1" ind2=" ">
			<subfield code="a">Most, Glenn W.</subfield>
		</datafield>
		<datafield tag="776" ind1="0" ind2=" ">
			<subfield code="c">bundle</subfield>
			<subfield code="z">9783111869483</subfield>
		</datafield>
		<datafield tag="776" ind1="0" ind2=" ">
			<subfield code="c">print</subfield>
			<subfield code="z">9783110169065</subfield>
		</datafield>
		<datafield tag="856" ind1="4" ind2="0">
			<subfield code="u">https://doi.org/10.1515/9783110875713</subfield>
		</datafield>
		<datafield tag="856" ind1="4" ind2="2">
			<subfield code="3">Cover</subfield>
			<subfield code="u">http://www.degruyter.com/doc/cover/9783110875713.jpg</subfield>
		</datafield>
		<datafield tag="912" ind1=" " ind2=" ">
			<subfield code="a">GBV-deGruyter-alles</subfield>
		</datafield>
	</record>