
	<record xmlns="http://www.loc.gov/MARC21/slim">
		<leader>03579nam a22005055i 4500</leader>
		<controlfield tag="001">9783110919011</controlfield>
		<controlfield tag="003">DE-B1597</controlfield>
		<controlfield tag="005">20170110031828.0</controlfield>
		<controlfield tag="006">m|||||o||d||||||||</controlfield>
		<controlfield tag="007">cr || ||||||||</controlfield>
		<controlfield tag="008">170110s2016    gw     fo  d z      ger d</controlfield>
		<datafield tag="020" ind1=" " ind2=" ">
			<subfield code="a">9783110919011</subfield>
		</datafield>
		<datafield tag="024" ind1="7" ind2=" ">
			<subfield code="a">10.1515/9783110919011</subfield>
			<subfield code="2">doi</subfield>
		</datafield>
		<datafield tag="035" ind1=" " ind2=" ">
			<subfield code="a">(DE-B1597)45839</subfield>
		</datafield>
		<datafield tag="035" ind1=" " ind2=" ">
			<subfield code="a">(OCoLC)979831479</subfield>
		</datafield>
		<datafield tag="040" ind1=" " ind2=" ">
			<subfield code="a">DE-B1597</subfield>
			<subfield code="b">eng</subfield>
			<subfield code="c">DE-B1597</subfield>
			<subfield code="e">rda</subfield>
		</datafield>
		<datafield tag="041" ind1="0" ind2=" ">
			<subfield code="a">ger</subfield>
		</datafield>
		<datafield tag="044" ind1=" " ind2=" ">
			<subfield code="a">gw</subfield>
			<subfield code="c">DE</subfield>
		</datafield>
		<datafield tag="072" ind1=" " ind2="7">
			<subfield code="a">LAN009000</subfield>
			<subfield code="2">bisacsh</subfield>
		</datafield>
		<datafield tag="100" ind1="1" ind2=" ">
			<subfield code="a">Kotthoff, Helga.,</subfield>
			<subfield code="e">author.</subfield>
		</datafield>
		<datafield tag="245" ind1="1" ind2="0">
			<subfield code="a">Spaß Verstehen :</subfield>
			<subfield code="b">Zur Pragmatik von konversationellem Humor /</subfield>
			<subfield code="c">Helga Kotthoff.</subfield>
		</datafield>
		<datafield tag="250" ind1=" " ind2=" ">
			<subfield code="a">Reprint 2016</subfield>
		</datafield>
		<datafield tag="264" ind1=" " ind2="1">
			<subfield code="a">Berlin ;</subfield>
			<subfield code="a">Boston : </subfield>
			<subfield code="b">De Gruyter, </subfield>
			<subfield code="c">[2016]</subfield>
		</datafield>
		<datafield tag="264" ind1=" " ind2="4">
			<subfield code="c">©1998</subfield>
		</datafield>
		<datafield tag="300" ind1=" " ind2=" ">
			<subfield code="a">1 online resource (415 p.)</subfield>
		</datafield>
		<datafield tag="336" ind1=" " ind2=" ">
			<subfield code="a">text</subfield>
			<subfield code="b">txt</subfield>
			<subfield code="2">rdacontent</subfield>
		</datafield>
		<datafield tag="337" ind1=" " ind2=" ">
			<subfield code="a">computer</subfield>
			<subfield code="b">c</subfield>
			<subfield code="2">rdamedia</subfield>
		</datafield>
		<datafield tag="338" ind1=" " ind2=" ">
			<subfield code="a">online resource</subfield>
			<subfield code="b">cr</subfield>
			<subfield code="2">rdacarrier</subfield>
		</datafield>
		<datafield tag="347" ind1=" " ind2=" ">
			<subfield code="a">text file</subfield>
			<subfield code="b">PDF</subfield>
			<subfield code="2">rda</subfield>
		</datafield>
		<datafield tag="490" ind1="0" ind2=" ">
			<subfield code="a">Reihe Germanistische Linguistik ;</subfield>
			<subfield code="v">196</subfield>
		</datafield>
		<datafield tag="505" ind1="0" ind2="0">
			<subfield code="t">Frontmatter -- </subfield>
			<subfield code="t">Inhaltsverzeichnis -- </subfield>
			<subfield code="t">1. Rahmung der Studie: What it's all about -- </subfield>
			<subfield code="t">2. Humor und Gesprächsforschung -- </subfield>
			<subfield code="t">3. Schriftlicher Humor: Standardwitze, Pointenkonstruktionen und konversationale Implikaturen -- </subfield>
			<subfield code="t">4. Mündlicher Humor: Konversationsanalyse und interaktionale Soziolinguistik -- </subfield>
			<subfield code="t">5. Die Studie und ihre Daten -- </subfield>
			<subfield code="t">6. Rahmungsverfahren und Intertextualität -- </subfield>
			<subfield code="t">7. Die mündliche Erzählperformanz von Witzen -- </subfield>
			<subfield code="t">8. Spaßige Geschichten: Anekdoten, Schilderungen und andere (Re)Kreationen -- </subfield>
			<subfield code="t">9. Zur sozialdiagnostischen Potenz von Scherzkoimnunikation: Höflichkeit, Unhöflichkeit und andere Beziehungsmodalitäten -- </subfield>
			<subfield code="t">10. Aktivitäten und Funktionen des Scherzens -- </subfield>
			<subfield code="t">11. Literatur -- </subfield>
			<subfield code="t">12. Sachregister -- </subfield>
			<subfield code="t">13. Personenregister</subfield>
		</datafield>
		<datafield tag="520" ind1=" " ind2=" ">
			<subfield code="a">Wir würzen unsere tagtäglichen Interaktionen mit verschiedensten Arten von Witz und Humor und bedienen uns unterschiedlicher (pointentechnischer und gestaltungsorientierter) Verfahren zur Indikation einer Scherzmodalität. Das vorliegende Buch beschäftigt sich in der Tradition der interaktionalen Soziolinguistik mit nichternsten Sequenzen in informellen Gesprächen unter guten Bekannten. Die Analysen tragen der Dialogizität von Spaß Machen und Spaß Verstehen und der kooperativen Prozessualität der dabei ablaufenden Inferenzen Rechnung. Es wird eine stetige Kopplung von empirischer Datenanalyse und pragmatischer Theorieentwicklung betrieben. Traditionelle linguistische Inkongruenz- und Höflichkeitsmodelle werden kritisiert, weil sie der Multidimensionalität von Scherzkommunikation nicht gerecht werden. Die anspielungshafte Scherzkommunikation funktioniert vor dem Hintergrund geteilter Normen und Wissensbestände. Phantasie, Spielmodalitäten und Kreativität spielen eine wichtige Rolle. Ambiguität, Bisoziation von inkongruenten Rahmen und interpretative Vielfalt sind Bestandteile humoristischer Aktivitäten. Scherzaktivitäten erlauben Rückschlüsse auf die Sozial-, Gefühls- und Wertestruktur der Beteiligten.</subfield>
		</datafield>
		<datafield tag="538" ind1=" " ind2=" ">
			<subfield code="a">Mode of access: Internet via World Wide Web.</subfield>
		</datafield>
		<datafield tag="546" ind1=" " ind2=" ">
			<subfield code="a">In German.</subfield>
		</datafield>
		<datafield tag="588" ind1="0" ind2=" ">
			<subfield code="a">Description based on online resource; title from PDF title page (publisher's Web site, viewed Dec. 14, 2016)</subfield>
		</datafield>
		<datafield tag="650" ind1=" " ind2="4">
			<subfield code="a">Erzähltechnik.</subfield>
		</datafield>
		<datafield tag="650" ind1=" " ind2="4">
			<subfield code="a">Humor.</subfield>
		</datafield>
		<datafield tag="650" ind1=" " ind2="4">
			<subfield code="a">Konversationsanalyse.</subfield>
		</datafield>
		<datafield tag="650" ind1=" " ind2="4">
			<subfield code="a">Scherz.</subfield>
		</datafield>
		<datafield tag="650" ind1=" " ind2="4">
			<subfield code="a">Witz.</subfield>
		</datafield>
		<datafield tag="776" ind1="0" ind2=" ">
			<subfield code="c">bundle</subfield>
			<subfield code="z">9783111867120</subfield>
		</datafield>
		<datafield tag="776" ind1="0" ind2=" ">
			<subfield code="c">print</subfield>
			<subfield code="z">9783484311961</subfield>
		</datafield>
		<datafield tag="856" ind1="4" ind2="0">
			<subfield code="u">https://doi.org/10.1515/9783110919011</subfield>
		</datafield>
		<datafield tag="856" ind1="4" ind2="2">
			<subfield code="3">Cover</subfield>
			<subfield code="u">http://www.degruyter.com/doc/cover/9783110919011.jpg</subfield>
		</datafield>
		<datafield tag="912" ind1=" " ind2=" ">
			<subfield code="a">GBV-deGruyter-alles</subfield>
		</datafield>
	</record>