
	<record xmlns="http://www.loc.gov/MARC21/slim">
		<leader>04333nam a22006015i 4500</leader>
		<controlfield tag="001">9783110921830</controlfield>
		<controlfield tag="003">DE-B1597</controlfield>
		<controlfield tag="005">20180327123002.0</controlfield>
		<controlfield tag="006">m|||||o||d||||||||</controlfield>
		<controlfield tag="007">cr || ||||||||</controlfield>
		<controlfield tag="008">180327s2018    gw     fo  d z      ger d</controlfield>
		<datafield tag="020" ind1=" " ind2=" ">
			<subfield code="a">9783110921830</subfield>
		</datafield>
		<datafield tag="024" ind1="7" ind2=" ">
			<subfield code="a">10.1515/9783110921830</subfield>
			<subfield code="2">doi</subfield>
		</datafield>
		<datafield tag="035" ind1=" " ind2=" ">
			<subfield code="a">(DE-B1597)56352</subfield>
		</datafield>
		<datafield tag="040" ind1=" " ind2=" ">
			<subfield code="a">DE-B1597</subfield>
			<subfield code="b">eng</subfield>
			<subfield code="c">DE-B1597</subfield>
			<subfield code="e">rda</subfield>
		</datafield>
		<datafield tag="041" ind1="0" ind2=" ">
			<subfield code="a">ger</subfield>
		</datafield>
		<datafield tag="044" ind1=" " ind2=" ">
			<subfield code="a">gw</subfield>
			<subfield code="c">DE</subfield>
		</datafield>
		<datafield tag="072" ind1=" " ind2="7">
			<subfield code="a">LAW026000</subfield>
			<subfield code="2">bisacsh</subfield>
		</datafield>
		<datafield tag="245" ind1="0" ind2="0">
			<subfield code="a">Strafgesetzbuch. Leipziger Kommentar :</subfield>
			<subfield code="b">Großkommentar. </subfield>
			<subfield code="n">Band 2, </subfield>
			<subfield code="p">§§ 32–60 /</subfield>
			<subfield code="c">Hans-Joachim Hirsch, Günter Spendel, Joachim Häger, Klaus Geppert, Günter Gribbohm, Ruth Rissing-van Saan.</subfield>
		</datafield>
		<datafield tag="250" ind1=" " ind2=" ">
			<subfield code="a">11., neubearbeite Auflage. Reprint 2018</subfield>
		</datafield>
		<datafield tag="264" ind1=" " ind2="1">
			<subfield code="a">Berlin ;Boston : </subfield>
			<subfield code="b">De Gruyter, </subfield>
			<subfield code="c">[2018]</subfield>
		</datafield>
		<datafield tag="264" ind1=" " ind2="4">
			<subfield code="c">©2003</subfield>
		</datafield>
		<datafield tag="300" ind1=" " ind2=" ">
			<subfield code="a">1 online resource </subfield>
		</datafield>
		<datafield tag="336" ind1=" " ind2=" ">
			<subfield code="a">text</subfield>
			<subfield code="b">txt</subfield>
			<subfield code="2">rdacontent</subfield>
		</datafield>
		<datafield tag="337" ind1=" " ind2=" ">
			<subfield code="a">computer</subfield>
			<subfield code="b">c</subfield>
			<subfield code="2">rdamedia</subfield>
		</datafield>
		<datafield tag="338" ind1=" " ind2=" ">
			<subfield code="a">online resource</subfield>
			<subfield code="b">cr</subfield>
			<subfield code="2">rdacarrier</subfield>
		</datafield>
		<datafield tag="347" ind1=" " ind2=" ">
			<subfield code="a">text file</subfield>
			<subfield code="b">PDF</subfield>
			<subfield code="2">rda</subfield>
		</datafield>
		<datafield tag="490" ind1="0" ind2=" ">
			<subfield code="a">Großkommentare der Praxis ;</subfield>
			<subfield code="v">Band 2</subfield>
		</datafield>
		<datafield tag="505" ind1="0" ind2="0">
			<subfield code="t">Frontmatter -- </subfield>
			<subfield code="t">Inhaltsübersicht -- </subfield>
			<subfield code="t">ALLGEMEINER TEIL -- </subfield>
			<subfield code="t">ZWEITER ABSCHNITT. Die Tat -- </subfield>
			<subfield code="t">VIERTER TITEL. Notwehr und Notstand -- </subfield>
			<subfield code="t">Vorbemerkungen zu den §§ 32 ff Vor § 32 -- </subfield>
			<subfield code="t">§32 Notwehr -- </subfield>
			<subfield code="t">§ 33 Überschreitung der Notwehr -- </subfield>
			<subfield code="t">§34 Rechtfertigender Notstand -- </subfield>
			<subfield code="t">§ 35 Entschuldigender Notstand -- </subfield>
			<subfield code="t">FÜNFTER TITEL Straflosigkeit parlamentarischer Äußerungen und Berichte -- </subfield>
			<subfield code="t">Vorbemerkungen zu den §§ 36 und 37 -- </subfield>
			<subfield code="t">§ 36 Parlamentarische Äußerungen -- </subfield>
			<subfield code="t">§ 37 Parlamentarische Berichte -- </subfield>
			<subfield code="t">DRITTER ABSCHNITT Rechtsfolgen der Tat -- </subfield>
			<subfield code="t">ERSTER TITEL Strafen -- </subfield>
			<subfield code="t">Vorbemerkungen zu den §§ 38 ff -- </subfield>
			<subfield code="t">§ 39 Bemessung der Freiheitsstrafe -- </subfield>
			<subfield code="t">Geldstrafe Vorbemerkungen zu den §§ 40 bis 43 -- </subfield>
			<subfield code="t">§ 43a Verhängung der Vermögensstrafe -- </subfield>
			<subfield code="t">§ 44 Fahrverbot -- </subfield>
			<subfield code="t">Vorbemerkungen zu den §§ 45 bis 45 b -- </subfield>
			<subfield code="t">ZWEITER TITEL. Strafbemessung -- </subfield>
			<subfield code="t">Vorbemerkungen zu den §§ 46 bis 50 -- </subfield>
			<subfield code="t">Vor § 46 ff -- </subfield>
			<subfield code="t">§ 46 -- </subfield>
			<subfield code="t">§ 47 Kurze Freiheitsstrafe nur in Ausnahmefällen -- </subfield>
			<subfield code="t">§ 48 Rückfall -- </subfield>
			<subfield code="t">§ 49 Besondere gesetzliche Milderungsgründe -- </subfield>
			<subfield code="t">§50 Zusammentreffen von Milderungsgründen -- </subfield>
			<subfield code="t">§ 51 Anrechnung -- </subfield>
			<subfield code="t">§ 52 Tateinheit -- </subfield>
			<subfield code="t">§ 53 Tatmehrheit -- </subfield>
			<subfield code="t">§ 54 Bildung der Gesamtstrafe -- </subfield>
			<subfield code="t">§ 55 Nachträgliche Bildung der Gesamtstrafe -- </subfield>
			<subfield code="t">VIERTER TITEL. Strafaussetzung zur Bewährung -- </subfield>
			<subfield code="t">Vorbemerkungen zu den §§ 56 bis 58 -- </subfield>
			<subfield code="t">§ 56 Strafaussetzung -- </subfield>
			<subfield code="t">§ 56 a. Bewährungszeit -- </subfield>
			<subfield code="t">§ 56 b Auflagen -- </subfield>
			<subfield code="t">§ 56 c. Weisungen -- </subfield>
			<subfield code="t">§ 56 d. Bewährungshilfe -- </subfield>
			<subfield code="t">§ 56 e. Nachträgliche Entscheidungen -- </subfield>
			<subfield code="t">§ 56 f. Widerruf der Strafaussetzung -- </subfield>
			<subfield code="t">§ 56 g. Straferlaß -- </subfield>
			<subfield code="t">§ 57. Aussetzung des Strafrestes bei zeitiger Freiheitsstrafe -- </subfield>
			<subfield code="t">§ 57 a. Aussetzung des Strafrestes bei lebenslanger Freiheitsstrafe -- </subfield>
			<subfield code="t">§ 57 b. Aussetzung des Strafrestes bei lebenslanger Freiheitsstrafe als Gesamtstrafe -- </subfield>
			<subfield code="t">§ 58. Gesamtstrafe und Strafaussetzung -- </subfield>
			<subfield code="t">FÜNFTER TITEL. Verwarnung mit Strafvorbehalt Absehen von Strafe -- </subfield>
			<subfield code="t">Vorbemerkungen zu den §§ 59 bis 59 c -- </subfield>
			<subfield code="t">§59. Voraussetzungen der Verwarnung mit Strafvorbehalt -- </subfield>
			<subfield code="t">§ 59 a. Bewährungszeit, Auflagen und Weisungen -- </subfield>
			<subfield code="t">§ 59 b. Verurteilung zu der vorbehalteneil Strafe -- </subfield>
			<subfield code="t">§ 59 c. Gesamtstrafe und Verwarnung mit Strafvorbehalt -- </subfield>
			<subfield code="t">§ 60. Absehen von Strafe</subfield>
		</datafield>
		<datafield tag="538" ind1=" " ind2=" ">
			<subfield code="a">Mode of access: Internet via World Wide Web.</subfield>
		</datafield>
		<datafield tag="546" ind1=" " ind2=" ">
			<subfield code="a">In German.</subfield>
		</datafield>
		<datafield tag="588" ind1="0" ind2=" ">
			<subfield code="a">Description based on online resource; title from PDF title page (publisher's Web site, viewed 27. Mrz 2018)</subfield>
		</datafield>
		<datafield tag="650" ind1=" " ind2="4">
			<subfield code="a">Deutschland: Strafgesetzbuch.</subfield>
		</datafield>
		<datafield tag="700" ind1="1" ind2=" ">
			<subfield code="a">Geppert, Klaus, </subfield>
			<subfield code="e">editor.</subfield>
		</datafield>
		<datafield tag="700" ind1="1" ind2=" ">
			<subfield code="a">Gribbohm, Günter, </subfield>
			<subfield code="e">editor.</subfield>
		</datafield>
		<datafield tag="700" ind1="1" ind2=" ">
			<subfield code="a">Häger, Joachim, </subfield>
			<subfield code="e">editor.</subfield>
		</datafield>
		<datafield tag="700" ind1="1" ind2=" ">
			<subfield code="a">Hirsch, Hans-Joachim, </subfield>
			<subfield code="e">editor.</subfield>
		</datafield>
		<datafield tag="700" ind1="1" ind2=" ">
			<subfield code="a">Rissing-van Saan , Ruth, </subfield>
			<subfield code="e">editor.</subfield>
		</datafield>
		<datafield tag="700" ind1="1" ind2=" ">
			<subfield code="a">Spendel, Günter, </subfield>
			<subfield code="e">editor.</subfield>
		</datafield>
		<datafield tag="776" ind1="0" ind2=" ">
			<subfield code="c">print</subfield>
			<subfield code="z">9783899490671</subfield>
		</datafield>
		<datafield tag="856" ind1="4" ind2="0">
			<subfield code="u">https://doi.org/10.1515/9783110921830</subfield>
		</datafield>
		<datafield tag="856" ind1="4" ind2="2">
			<subfield code="3">Cover</subfield>
			<subfield code="u">https://www.degruyter.com/doc/cover/9783110921830.jpg</subfield>
		</datafield>
		<datafield tag="912" ind1=" " ind2=" ">
			<subfield code="a">GBV-deGruyter-alles</subfield>
		</datafield>
		<datafield tag="912" ind1=" " ind2=" ">
			<subfield code="a">GBV-deGruyter-PDA11SSHE</subfield>
		</datafield>
		<datafield tag="912" ind1=" " ind2=" ">
			<subfield code="a">GBV-deGruyter-PDA12STME</subfield>
		</datafield>
		<datafield tag="912" ind1=" " ind2=" ">
			<subfield code="a">GBV-deGruyter-PDA14ALL</subfield>
		</datafield>
		<datafield tag="912" ind1=" " ind2=" ">
			<subfield code="a">GBV-deGruyter-PDA15STM</subfield>
		</datafield>
		<datafield tag="912" ind1=" " ind2=" ">
			<subfield code="a">GBV-deGruyter-PDA16SSH</subfield>
		</datafield>
		<datafield tag="912" ind1=" " ind2=" ">
			<subfield code="a">GBV-deGruyter-PDA1ALL</subfield>
		</datafield>
		<datafield tag="912" ind1=" " ind2=" ">
			<subfield code="a">GBV-deGruyter-PDA2</subfield>
		</datafield>
		<datafield tag="912" ind1=" " ind2=" ">
			<subfield code="a">GBV-deGruyter-PDA2HUM</subfield>
		</datafield>
		<datafield tag="912" ind1=" " ind2=" ">
			<subfield code="a">GBV-deGruyter-PDA3STM</subfield>
		</datafield>
		<datafield tag="912" ind1=" " ind2=" ">
			<subfield code="a">GBV-deGruyter-PDA5EBK</subfield>
		</datafield>
	</record>