
	<record xmlns="http://www.loc.gov/MARC21/slim">
		<leader>03887nam a22005535i 4500</leader>
		<controlfield tag="001">9783110932409</controlfield>
		<controlfield tag="003">DE-B1597</controlfield>
		<controlfield tag="005">20180327123002.0</controlfield>
		<controlfield tag="006">m|||||o||d||||||||</controlfield>
		<controlfield tag="007">cr || ||||||||</controlfield>
		<controlfield tag="008">180327s2018    gw     fo  d z      fre d</controlfield>
		<datafield tag="020" ind1=" " ind2=" ">
			<subfield code="a">9783110932409</subfield>
		</datafield>
		<datafield tag="024" ind1="7" ind2=" ">
			<subfield code="a">10.1515/9783110932409</subfield>
			<subfield code="2">doi</subfield>
		</datafield>
		<datafield tag="035" ind1=" " ind2=" ">
			<subfield code="a">(DE-B1597)46696</subfield>
		</datafield>
		<datafield tag="040" ind1=" " ind2=" ">
			<subfield code="a">DE-B1597</subfield>
			<subfield code="b">eng</subfield>
			<subfield code="c">DE-B1597</subfield>
			<subfield code="e">rda</subfield>
		</datafield>
		<datafield tag="041" ind1="0" ind2=" ">
			<subfield code="a">fre</subfield>
		</datafield>
		<datafield tag="044" ind1=" " ind2=" ">
			<subfield code="a">gw</subfield>
			<subfield code="c">DE</subfield>
		</datafield>
		<datafield tag="072" ind1=" " ind2="7">
			<subfield code="a">LIT000000</subfield>
			<subfield code="2">bisacsh</subfield>
		</datafield>
		<datafield tag="072" ind1=" " ind2="7">
			<subfield code="a">LIT004130</subfield>
			<subfield code="2">bisacsh</subfield>
		</datafield>
		<datafield tag="100" ind1="1" ind2=" ">
			<subfield code="a">Billy, Dominique,</subfield>
			<subfield code="e">author.</subfield>
		</datafield>
		<datafield tag="245" ind1="1" ind2="0">
			<subfield code="a">Deux lais en langue mixte :</subfield>
			<subfield code="b">Le lai Markiol et le lai Nompar /</subfield>
			<subfield code="c">Dominique Billy.</subfield>
		</datafield>
		<datafield tag="250" ind1=" " ind2=" ">
			<subfield code="a">Reprint 2017</subfield>
		</datafield>
		<datafield tag="264" ind1=" " ind2="1">
			<subfield code="a">Tübingen : </subfield>
			<subfield code="b">Max Niemeyer Verlag, </subfield>
			<subfield code="c">[2018]</subfield>
		</datafield>
		<datafield tag="264" ind1=" " ind2="4">
			<subfield code="c">©1995</subfield>
		</datafield>
		<datafield tag="300" ind1=" " ind2=" ">
			<subfield code="a">1 online resource (188 p.):</subfield>
			<subfield code="b">échant. mus.</subfield>
		</datafield>
		<datafield tag="336" ind1=" " ind2=" ">
			<subfield code="a">text</subfield>
			<subfield code="b">txt</subfield>
			<subfield code="2">rdacontent</subfield>
		</datafield>
		<datafield tag="337" ind1=" " ind2=" ">
			<subfield code="a">computer</subfield>
			<subfield code="b">c</subfield>
			<subfield code="2">rdamedia</subfield>
		</datafield>
		<datafield tag="338" ind1=" " ind2=" ">
			<subfield code="a">online resource</subfield>
			<subfield code="b">cr</subfield>
			<subfield code="2">rdacarrier</subfield>
		</datafield>
		<datafield tag="347" ind1=" " ind2=" ">
			<subfield code="a">text file</subfield>
			<subfield code="b">PDF</subfield>
			<subfield code="2">rda</subfield>
		</datafield>
		<datafield tag="490" ind1="0" ind2=" ">
			<subfield code="a">Beihefte zur Zeitschrift für romanische Philologie ;</subfield>
			<subfield code="v">264</subfield>
		</datafield>
		<datafield tag="505" ind1="0" ind2="0">
			<subfield code="t">Frontmatter -- </subfield>
			<subfield code="t">Table des matières -- </subfield>
			<subfield code="t">Avant-propos -- </subfield>
			<subfield code="t">Introduction -- </subfield>
			<subfield code="t">1. Le lai Markiol (PC 461,124) -- </subfield>
			<subfield code="t">1.1. Edition diplomatique -- </subfield>
			<subfield code="t">1.2. Edition critique -- </subfield>
			<subfield code="t">1.3. Métrique -- </subfield>
			<subfield code="t">2. Le lai Nompar (PC 461,122) -- </subfield>
			<subfield code="t">2.1. Edition diplomatique -- </subfield>
			<subfield code="t">2.2. Edition critique -- </subfield>
			<subfield code="t">2.3. Métrique -- </subfield>
			<subfield code="t">3. Etude linguistique -- </subfield>
			<subfield code="t">3.1. Les rimes -- </subfield>
			<subfield code="t">3.2. Phonétique des mots-rimes hors rime -- </subfield>
			<subfield code="t">3.3. Formes et traits non français hors mots-rimes -- </subfield>
			<subfield code="t">3.4. Formes alternatives -- </subfield>
			<subfield code="t">3.5. L'appropriation linguistique du modèle -- </subfield>
			<subfield code="t">4. Conclusion -- </subfield>
			<subfield code="t">Index -- </subfield>
			<subfield code="t">Bibliographie générale -- </subfield>
			<subfield code="t">Bibliographie des pièces lyriques citées -- </subfield>
			<subfield code="t">Glossaire &amp; abréviations -- </subfield>
			<subfield code="t">Index des formes et phénomènes linguistiques commentés</subfield>
		</datafield>
		<datafield tag="520" ind1=" " ind2=" ">
			<subfield code="a">Parmi les compositions lyriques des troubadours, le lai Markiol et le lai Nompar ont depuis longtemps attiré l'attention des critiques. Ces deux pièces nous sont en effet connues uniquement par des manuscrits français qui nous en donnent des versions en une langue mixte, où les éléments français constituent une composante plus ou moins importante. Cette situation a eu deux conséquences majeures avec la corruption des textes et leur rattachement par la tradition critique au corpus des troubadours dont ils constitueraient les seuls lais connus, en dehors d'une imitation tardive de Bonifaci Calvo. Le texte fait donc ici l'objet d'une nouvelle édition critique améliorant la lettre du texte, tenant compte cette fois des moindres informations fournies par la mélodie, également éditée. Pour l'origine des deux textes, un examen linguistique approfondi des versions a permis d'avancer quelques hypothèses. Ce travail n'a pu se faire sans une comparaison permanente avec la section 'occitane' du 'chansonnier du roi' (Paris, B.N., fr.844) ainsi que d'autres textes en langue mixte, en particulier "Girart de Roussillon" dont le fragment N se révèle le plus proche de ce point de vue: nous nous trouvons ainsi à l'orée d'une aire de production et de diffusion singulière, à la frontière des deux grandes littératures française et occitane. </subfield>
		</datafield>
		<datafield tag="538" ind1=" " ind2=" ">
			<subfield code="a">Mode of access: Internet via World Wide Web.</subfield>
		</datafield>
		<datafield tag="546" ind1=" " ind2=" ">
			<subfield code="a">In French.</subfield>
		</datafield>
		<datafield tag="588" ind1="0" ind2=" ">
			<subfield code="a">Description based on online resource; title from PDF title page (publisher's Web site, viewed 27. Mrz 2018)</subfield>
		</datafield>
		<datafield tag="650" ind1=" " ind2="4">
			<subfield code="a">History and criticism.</subfield>
		</datafield>
		<datafield tag="650" ind1=" " ind2="4">
			<subfield code="a">Lays.</subfield>
		</datafield>
		<datafield tag="650" ind1=" " ind2="4">
			<subfield code="a">Le lai Markiol.</subfield>
		</datafield>
		<datafield tag="776" ind1="0" ind2=" ">
			<subfield code="c">print</subfield>
			<subfield code="z">9783484522640</subfield>
		</datafield>
		<datafield tag="856" ind1="4" ind2="0">
			<subfield code="u">https://doi.org/10.1515/9783110932409</subfield>
		</datafield>
		<datafield tag="856" ind1="4" ind2="2">
			<subfield code="3">Cover</subfield>
			<subfield code="u">https://www.degruyter.com/doc/cover/9783110932409.jpg</subfield>
		</datafield>
		<datafield tag="912" ind1=" " ind2=" ">
			<subfield code="a">GBV-deGruyter-alles</subfield>
		</datafield>
		<datafield tag="912" ind1=" " ind2=" ">
			<subfield code="a">GBV-deGruyter-PDA11SSHE</subfield>
		</datafield>
		<datafield tag="912" ind1=" " ind2=" ">
			<subfield code="a">GBV-deGruyter-PDA14ALL</subfield>
		</datafield>
		<datafield tag="912" ind1=" " ind2=" ">
			<subfield code="a">GBV-deGruyter-PDA16SSH</subfield>
		</datafield>
		<datafield tag="912" ind1=" " ind2=" ">
			<subfield code="a">GBV-deGruyter-PDA1ALL</subfield>
		</datafield>
		<datafield tag="912" ind1=" " ind2=" ">
			<subfield code="a">GBV-deGruyter-PDA2</subfield>
		</datafield>
		<datafield tag="912" ind1=" " ind2=" ">
			<subfield code="a">GBV-deGruyter-PDA2HUM</subfield>
		</datafield>
		<datafield tag="912" ind1=" " ind2=" ">
			<subfield code="a">GBV-deGruyter-PDA5EBK</subfield>
		</datafield>
	</record>