
	<record xmlns="http://www.loc.gov/MARC21/slim">
		<leader>06295nam a22005895i 4500</leader>
		<controlfield tag="001">9783110947540</controlfield>
		<controlfield tag="003">DE-B1597</controlfield>
		<controlfield tag="005">20180327123002.0</controlfield>
		<controlfield tag="006">m|||||o||d||||||||</controlfield>
		<controlfield tag="007">cr || ||||||||</controlfield>
		<controlfield tag="008">180327s2018    gw     fo  d z      ger d</controlfield>
		<datafield tag="020" ind1=" " ind2=" ">
			<subfield code="a">9783110947540</subfield>
		</datafield>
		<datafield tag="024" ind1="7" ind2=" ">
			<subfield code="a">10.1515/9783110947540</subfield>
			<subfield code="2">doi</subfield>
		</datafield>
		<datafield tag="035" ind1=" " ind2=" ">
			<subfield code="a">(DE-B1597)46691</subfield>
		</datafield>
		<datafield tag="040" ind1=" " ind2=" ">
			<subfield code="a">DE-B1597</subfield>
			<subfield code="b">eng</subfield>
			<subfield code="c">DE-B1597</subfield>
			<subfield code="e">rda</subfield>
		</datafield>
		<datafield tag="041" ind1="0" ind2=" ">
			<subfield code="a">ger</subfield>
		</datafield>
		<datafield tag="044" ind1=" " ind2=" ">
			<subfield code="a">gw</subfield>
			<subfield code="c">DE</subfield>
		</datafield>
		<datafield tag="072" ind1=" " ind2="7">
			<subfield code="a">FOR000000</subfield>
			<subfield code="2">bisacsh</subfield>
		</datafield>
		<datafield tag="072" ind1=" " ind2="7">
			<subfield code="a">FOR041000</subfield>
			<subfield code="2">bisacsh</subfield>
		</datafield>
		<datafield tag="072" ind1=" " ind2="7">
			<subfield code="a">LAN009000</subfield>
			<subfield code="2">bisacsh</subfield>
		</datafield>
		<datafield tag="082" ind1="0" ind2="4">
			<subfield code="a">459.9</subfield>
			<subfield code="2">23</subfield>
		</datafield>
		<datafield tag="100" ind1="1" ind2=" ">
			<subfield code="a">Ebneter, Theodor,</subfield>
			<subfield code="e">author.</subfield>
		</datafield>
		<datafield tag="245" ind1="1" ind2="0">
			<subfield code="a">Syntax des gesprochenen Rätoromanischen /</subfield>
			<subfield code="c">Theodor Ebneter.</subfield>
		</datafield>
		<datafield tag="250" ind1=" " ind2=" ">
			<subfield code="a">Reprint 2017</subfield>
		</datafield>
		<datafield tag="264" ind1=" " ind2="1">
			<subfield code="a">Tübingen : </subfield>
			<subfield code="b">Max Niemeyer Verlag, </subfield>
			<subfield code="c">[2018]</subfield>
		</datafield>
		<datafield tag="264" ind1=" " ind2="4">
			<subfield code="c">©1994</subfield>
		</datafield>
		<datafield tag="300" ind1=" " ind2=" ">
			<subfield code="a">1 online resource (1038 p.):</subfield>
			<subfield code="b">Zahlr. Abb.</subfield>
		</datafield>
		<datafield tag="336" ind1=" " ind2=" ">
			<subfield code="a">text</subfield>
			<subfield code="b">txt</subfield>
			<subfield code="2">rdacontent</subfield>
		</datafield>
		<datafield tag="337" ind1=" " ind2=" ">
			<subfield code="a">computer</subfield>
			<subfield code="b">c</subfield>
			<subfield code="2">rdamedia</subfield>
		</datafield>
		<datafield tag="338" ind1=" " ind2=" ">
			<subfield code="a">online resource</subfield>
			<subfield code="b">cr</subfield>
			<subfield code="2">rdacarrier</subfield>
		</datafield>
		<datafield tag="347" ind1=" " ind2=" ">
			<subfield code="a">text file</subfield>
			<subfield code="b">PDF</subfield>
			<subfield code="2">rda</subfield>
		</datafield>
		<datafield tag="490" ind1="0" ind2=" ">
			<subfield code="a">Beihefte zur Zeitschrift für romanische Philologie ;</subfield>
			<subfield code="v">259</subfield>
		</datafield>
		<datafield tag="505" ind1="0" ind2="0">
			<subfield code="t">Frontmatter -- </subfield>
			<subfield code="t">VORWORT ZUR SYNTAX DES GESPROCHENEN RÄTOROMANISCHEN -- </subfield>
			<subfield code="t">INHALTSVERZEICHNIS -- </subfield>
			<subfield code="t">Teil I. Ortsadverbien, Partikeln, Präpositionen, Adverbien und Adverbialien -- </subfield>
			<subfield code="t">Einleitung zu Teil I -- </subfield>
			<subfield code="t">KAPITEL 1. Die Adverbien und Präpositionen des Ortes und der Richtung Die Hauptdimensionen des Raumbildes -- </subfield>
			<subfield code="t">KAPITEL 2. Adverbien des Ortes und der Richtung Die Kombinationen der Hauptdimensionen -- </subfield>
			<subfield code="t">KAPITEL 3. Die Nebendimensionen des Ortes und der Richtung -- </subfield>
			<subfield code="t">KAPITEL 4. Die Adverbien und Präpositionen des Ortes und der Richtung im Vazischen -- </subfield>
			<subfield code="t">KAPITEL 5. Die einfachen und komplexen Präpositionen des Unterengadinischen -- </subfield>
			<subfield code="t">KAPITEL 6. Die einfachen und komplexen Präpositionen des Vazischen -- </subfield>
			<subfield code="t">KAPITEL 7. Die einfachen und komplexen Präpositionen des Surselvischen -- </subfield>
			<subfield code="t">KAPITEL 8. Die Hauptmerkmale der rätoromanischen Präpositionen -- </subfield>
			<subfield code="t">KAPITEL 9. Rätoromanische Adverbialien aus Präposition + Adjektiv/Adverb/Nomen/NP -- </subfield>
			<subfield code="t">KAPITEL 10. Das Adverbiale aus da + X -- </subfield>
			<subfield code="t">KAPITEL 11. Komplexe Ortsadverbien im Surselvischen -- </subfield>
			<subfield code="t">KAPITEL 12. Adverbien und häufige Adverbialien. Inventar -- </subfield>
			<subfield code="t">Teil II. Morphosyntax und Syntax der Verben -- </subfield>
			<subfield code="t">Einleitung zur Morphosyntax der Verben -- </subfield>
			<subfield code="t">KAPITEL 13. Verben mit Präfix s- -- </subfield>
			<subfield code="t">KAPITEL 14. Partizip Präsens als Adjektiv oder Substantiv -- </subfield>
			<subfield code="t">KAPITEL 15. Gerundium -- </subfield>
			<subfield code="t">KAPITEL 16. Synthetische Faktitiva -- </subfield>
			<subfield code="t">KAPITEL 17. Analytische Fattitiva -- </subfield>
			<subfield code="t">KAPITEL 18. Reflexive Verben -- </subfield>
			<subfield code="t">KAPITEL 19 Reflexive Verben mit den Präfixen IN- und EX- -- </subfield>
			<subfield code="t">KAPITEL 20. Partikelverben -- </subfield>
			<subfield code="t">Zur Syntax der Verben -- </subfield>
			<subfield code="t">Einleitung zur Syntax der Verben -- </subfield>
			<subfield code="t">KAPITEL 21. Avair/Haver "haben" als transitives Hauptverb mit persönlichem Subjekt -- </subfield>
			<subfield code="t">KAPITEL 22. Dar "geben; fallen" mit persönlichem (belebtem und unbelebtem) Subjekt -- </subfield>
			<subfield code="t">KAPITEL 23. Die Konstruktionstypen von esser "sein" -- </subfield>
			<subfield code="t">KAPITEL 24. Existenzangaben mit esser, haver und dar -- </subfield>
			<subfield code="t">KAPITEL 25. Rätoromanisch far -- </subfield>
			<subfield code="t">KAPITEL 26. Gnirlvagnir/vegnir im Rätoromanischen -- </subfield>
			<subfield code="t">KAPITEL 27. Ir/oir/ir "gehen" im Rätoromanischen -- </subfield>
			<subfield code="t">KAPITEL 28. Star im Rätoromanischen -- </subfield>
			<subfield code="t">KAPITEL 29. Tourlpiglier/pigttar, prender ”nehmen” -- </subfield>
			<subfield code="t">KAPITEL 30. Ergebnis der Analyse der zentralen Verben -- </subfield>
			<subfield code="t">KAPITEL 31. Aspekte und Aktionsarten -- </subfield>
			<subfield code="t">KAPITEL 32. Akkusativ anstatt indirektes Objekt oder präpositionale Ergänzung -- </subfield>
			<subfield code="t">KAPITEL 33. Doppelter Akkusativ (mit Prädikativ) -- </subfield>
			<subfield code="t">KAPITEL 34. Die Konstruktionstypen der Verben des gesprochenen Surselvischen -- </subfield>
			<subfield code="t">KAPITEL 35. Die Konstruktionstypen der Verben des gesprochenen Unterengadinischen -- </subfield>
			<subfield code="t">Teil III. Morphosyntaktische und syntaktische Aspekte von Pronomen, Adjektiv, Nomen -- </subfield>
			<subfield code="t">Einleitung zu Teil III -- </subfield>
			<subfield code="t">KAPITEL 36. Das Subjektpronomen -- </subfield>
			<subfield code="t">KAPITEL 37. Das Personalpronomen im Akkusativ und Dativ -- </subfield>
			<subfield code="t">KAPITEL 38. Emphase– und Identifizierungspronomen -- </subfield>
			<subfield code="t">KAPITEL 39. Das Demonstrativpronomen mit Personen- und Sachbezug -- </subfield>
			<subfield code="t">KAPITEL 40. Das betonte neutrale Demonstrativpronomen -- </subfield>
			<subfield code="t">KAPITEL 41. Das neutrale Personal- und das neutrale Demonstrativpronomen als Subjekt und als Objekt -- </subfield>
			<subfield code="t">KAPITEL 42. Das demonstrative Adjektiv und Pronomen im Partitiv -- </subfield>
			<subfield code="t">KAPITEL 43. Fragepronomen und Frageadjektiv -- </subfield>
			<subfield code="t">KAPITEL 44. Possessivpronomen -- </subfield>
			<subfield code="t">KAPITEL 45. Indefinitpronomina -- </subfield>
			<subfield code="t">KAPITEL 46. Die zentralen Adjektive und Adverbien der Art und Weise -- </subfield>
			<subfield code="t">KAPITEL 47. Adjektive und Substantive zur Bezeichnung von Eigenschaften als Prädikative -- </subfield>
			<subfield code="t">KAPITEL 48. Die Folge Adjektiv + Adjektiv -- </subfield>
			<subfield code="t">KAPITEL 49. Morphologische und syntaktische Besonderheiten des Adjektivs -- </subfield>
			<subfield code="t">KAPITEL 50. Synthetischer und analytischer Komparativ und Superlativ von Adjektiven und Adverbien -- </subfield>
			<subfield code="t">KAPITEL 51. Der Vergleich bei Adjektiven und Adverbien -- </subfield>
			<subfield code="t">KAPITEL 52. Elativ -- </subfield>
			<subfield code="t">KAPITEL 53. Koliektiva auf -a -- </subfield>
			<subfield code="t">KAPITEL 54. Substantive auf –ada, –eida, –ida, –ieda, –oida, –üda -- </subfield>
			<subfield code="t">KAPITEL 55. Mit Suffixen gebildete Kollektiva der Umgangssprache -- </subfield>
			<subfield code="t">Teil IV. Satzsyntax -- </subfield>
			<subfield code="t">Einleitung zu Teil IV -- </subfield>
			<subfield code="t">KAPITEL 56. Negation -- </subfield>
			<subfield code="t">KAPITEL 57. Relativsatz -- </subfield>
			<subfield code="t">KAPITEL 58. Abhängiger Fragesatz, Ausrufsatz -- </subfield>
			<subfield code="t">KAPITEL 59. Stellung von Adverbien und Präpositionalphrasen -- </subfield>
			<subfield code="t">KAPITEL 60. Adverbiale Konjunktionen, adverbiale Nebensätze -- </subfield>
			<subfield code="t">KAPITEL 61. Thematisierung -- </subfield>
			<subfield code="t">KAPITEL 62. Hervorhebung -- </subfield>
			<subfield code="t">Teil V. Gesprochene Sprache -- </subfield>
			<subfield code="t">Einleitung zu Teil V -- </subfield>
			<subfield code="t">KAPITEL 63. Gesprochenes Rätoromanisch -- </subfield>
			<subfield code="t">Abkürzungen, Terminologie, Zeichen -- </subfield>
			<subfield code="t">Bibliographie</subfield>
		</datafield>
		<datafield tag="538" ind1=" " ind2=" ">
			<subfield code="a">Mode of access: Internet via World Wide Web.</subfield>
		</datafield>
		<datafield tag="546" ind1=" " ind2=" ">
			<subfield code="a">In German.</subfield>
		</datafield>
		<datafield tag="588" ind1="0" ind2=" ">
			<subfield code="a">Description based on online resource; title from PDF title page (publisher's Web site, viewed 27. Mrz 2018)</subfield>
		</datafield>
		<datafield tag="650" ind1=" " ind2="4">
			<subfield code="a">Geschichte.</subfield>
		</datafield>
		<datafield tag="650" ind1=" " ind2="4">
			<subfield code="a">Gesprochene Sprache.</subfield>
		</datafield>
		<datafield tag="650" ind1=" " ind2="4">
			<subfield code="a">Literatur.</subfield>
		</datafield>
		<datafield tag="650" ind1=" " ind2="4">
			<subfield code="a">Rätoromanisch.</subfield>
		</datafield>
		<datafield tag="650" ind1=" " ind2="4">
			<subfield code="a">Syntax.</subfield>
		</datafield>
		<datafield tag="776" ind1="0" ind2=" ">
			<subfield code="c">print</subfield>
			<subfield code="z">9783484522596</subfield>
		</datafield>
		<datafield tag="856" ind1="4" ind2="0">
			<subfield code="u">https://doi.org/10.1515/9783110947540</subfield>
		</datafield>
		<datafield tag="856" ind1="4" ind2="2">
			<subfield code="3">Cover</subfield>
			<subfield code="u">https://www.degruyter.com/doc/cover/9783110947540.jpg</subfield>
		</datafield>
		<datafield tag="912" ind1=" " ind2=" ">
			<subfield code="a">GBV-deGruyter-alles</subfield>
		</datafield>
		<datafield tag="912" ind1=" " ind2=" ">
			<subfield code="a">GBV-deGruyter-PDA11SSHE</subfield>
		</datafield>
		<datafield tag="912" ind1=" " ind2=" ">
			<subfield code="a">GBV-deGruyter-PDA14ALL</subfield>
		</datafield>
		<datafield tag="912" ind1=" " ind2=" ">
			<subfield code="a">GBV-deGruyter-PDA16SSH</subfield>
		</datafield>
		<datafield tag="912" ind1=" " ind2=" ">
			<subfield code="a">GBV-deGruyter-PDA1ALL</subfield>
		</datafield>
		<datafield tag="912" ind1=" " ind2=" ">
			<subfield code="a">GBV-deGruyter-PDA2</subfield>
		</datafield>
		<datafield tag="912" ind1=" " ind2=" ">
			<subfield code="a">GBV-deGruyter-PDA2HUM</subfield>
		</datafield>
		<datafield tag="912" ind1=" " ind2=" ">
			<subfield code="a">GBV-deGruyter-PDA5EBK</subfield>
		</datafield>
	</record>