
	<record xmlns="http://www.loc.gov/MARC21/slim">
		<leader>03104nam a22005535i 4500</leader>
		<controlfield tag="001">9783110963366</controlfield>
		<controlfield tag="003">DE-B1597</controlfield>
		<controlfield tag="005">20180327123002.0</controlfield>
		<controlfield tag="006">m|||||o||d||||||||</controlfield>
		<controlfield tag="007">cr || ||||||||</controlfield>
		<controlfield tag="008">180327s2018    gw     fo  d z      ger d</controlfield>
		<datafield tag="020" ind1=" " ind2=" ">
			<subfield code="a">9783110963366</subfield>
		</datafield>
		<datafield tag="024" ind1="7" ind2=" ">
			<subfield code="a">10.1515/9783110963366</subfield>
			<subfield code="2">doi</subfield>
		</datafield>
		<datafield tag="035" ind1=" " ind2=" ">
			<subfield code="a">(DE-B1597)45262</subfield>
		</datafield>
		<datafield tag="040" ind1=" " ind2=" ">
			<subfield code="a">DE-B1597</subfield>
			<subfield code="b">eng</subfield>
			<subfield code="c">DE-B1597</subfield>
			<subfield code="e">rda</subfield>
		</datafield>
		<datafield tag="041" ind1="0" ind2=" ">
			<subfield code="a">ger</subfield>
		</datafield>
		<datafield tag="044" ind1=" " ind2=" ">
			<subfield code="a">gw</subfield>
			<subfield code="c">DE</subfield>
		</datafield>
		<datafield tag="072" ind1=" " ind2="7">
			<subfield code="a">LIT000000</subfield>
			<subfield code="2">bisacsh</subfield>
		</datafield>
		<datafield tag="072" ind1=" " ind2="7">
			<subfield code="a">LIT004110</subfield>
			<subfield code="2">bisacsh</subfield>
		</datafield>
		<datafield tag="072" ind1=" " ind2="7">
			<subfield code="a">LIT004170</subfield>
			<subfield code="2">bisacsh</subfield>
		</datafield>
		<datafield tag="245" ind1="0" ind2="0">
			<subfield code="a">Russische Literatur in Deutschland :</subfield>
			<subfield code="b">Texte zur Rezeption von den Achtziger Jahren bis zur Jahrhundertwende /</subfield>
			<subfield code="c">Sigfrid Hoefert.</subfield>
		</datafield>
		<datafield tag="250" ind1=" " ind2=" ">
			<subfield code="a">Einf. u. e. weiterführenden Bibliographie von Sigfrid Hoefert. Reprint 2017</subfield>
		</datafield>
		<datafield tag="264" ind1=" " ind2="1">
			<subfield code="a">Berlin ;Boston : </subfield>
			<subfield code="b">De Gruyter, </subfield>
			<subfield code="c">[2018]</subfield>
		</datafield>
		<datafield tag="264" ind1=" " ind2="4">
			<subfield code="c">©1974</subfield>
		</datafield>
		<datafield tag="300" ind1=" " ind2=" ">
			<subfield code="a">1 online resource (200 p.)</subfield>
		</datafield>
		<datafield tag="336" ind1=" " ind2=" ">
			<subfield code="a">text</subfield>
			<subfield code="b">txt</subfield>
			<subfield code="2">rdacontent</subfield>
		</datafield>
		<datafield tag="337" ind1=" " ind2=" ">
			<subfield code="a">computer</subfield>
			<subfield code="b">c</subfield>
			<subfield code="2">rdamedia</subfield>
		</datafield>
		<datafield tag="338" ind1=" " ind2=" ">
			<subfield code="a">online resource</subfield>
			<subfield code="b">cr</subfield>
			<subfield code="2">rdacarrier</subfield>
		</datafield>
		<datafield tag="347" ind1=" " ind2=" ">
			<subfield code="a">text file</subfield>
			<subfield code="b">PDF</subfield>
			<subfield code="2">rda</subfield>
		</datafield>
		<datafield tag="490" ind1="0" ind2=" ">
			<subfield code="a">Deutsche Texte ;</subfield>
			<subfield code="v">32</subfield>
		</datafield>
		<datafield tag="505" ind1="0" ind2="0">
			<subfield code="t">Frontmatter -- </subfield>
			<subfield code="t">Inhalt -- </subfield>
			<subfield code="t">Abkürzungen -- </subfield>
			<subfield code="t">Einleitung -- </subfield>
			<subfield code="t">Quellenverzeichnis -- </subfield>
			<subfield code="t">DOSTOJEWSKI-PHASE -- </subfield>
			<subfield code="t">Feodor Michailowitsch Dostojewski / </subfield>
			<subfield code="r">Henckel, Wilhelm -- </subfield>
			<subfield code="t">Dostojewskis Roman »Raskolnikow« / </subfield>
			<subfield code="r">Rollard, G. -- </subfield>
			<subfield code="t">Vom Büchertisch [Dostojewskis »Raskolnikow«] / </subfield>
			<subfield code="r">Conrad, Michael Georg -- </subfield>
			<subfield code="t">F. M. Dostojewski / </subfield>
			<subfield code="r">Conradi, Hermann -- </subfield>
			<subfield code="t">Dostojewski / </subfield>
			<subfield code="r">Brandes, Georg -- </subfield>
			<subfield code="t">TOLSTOI-PHASE -- </subfield>
			<subfield code="t">Leo Tolstoi und der slawische Roman / </subfield>
			<subfield code="r">Ernst, Paul -- </subfield>
			<subfield code="t">Freie Bühne: Die Macht der Finsternis / </subfield>
			<subfield code="r">Schlenther, Paul -- </subfield>
			<subfield code="t">Tolstoi und sein Berliner Publikum / </subfield>
			<subfield code="r">Olden, Hans -- </subfield>
			<subfield code="t">Die Kreutzersonate von Tolstoi / </subfield>
			<subfield code="r">Hansson, Ola -- </subfield>
			<subfield code="t">Tolstois Kreutzersonate und die moderne Mönchsmoral / </subfield>
			<subfield code="r">Herzfeld, Marie -- </subfield>
			<subfield code="t">Tolstois Kreutzersonate / </subfield>
			<subfield code="r">Berg, Leo -- </subfield>
			<subfield code="t">Der Tolstoische Zirkel / </subfield>
			<subfield code="r">Berdrow, W. -- </subfield>
			<subfield code="t">SPÄTPHASE -- </subfield>
			<subfield code="t">Der russische Maupassant (Anton Tschechow) / </subfield>
			<subfield code="r">Engelhardt, Alexis Freiherr Von -- </subfield>
			<subfield code="t">Tschechow als Dramatiker / </subfield>
			<subfield code="r">Höber, Eduard -- </subfield>
			<subfield code="t">Maxim Gorki / </subfield>
			<subfield code="r">Hoffmann, Nina -- </subfield>
			<subfield code="t">Ein Dichter des Proletariats / </subfield>
			<subfield code="r">Polonsky, Georg -- </subfield>
			<subfield code="t">Gorki in Deutschland / </subfield>
			<subfield code="r">Adam, Georg -- </subfield>
			<subfield code="t">Maxim Gorki / </subfield>
			<subfield code="r">Berg, Leo -- </subfield>
			<subfield code="t">Biographische Angaben zu den russischen Schriftstellern -- </subfield>
			<subfield code="t">Weiterführende Bibliographie -- </subfield>
			<subfield code="t">Personenregister</subfield>
		</datafield>
		<datafield tag="538" ind1=" " ind2=" ">
			<subfield code="a">Mode of access: Internet via World Wide Web.</subfield>
		</datafield>
		<datafield tag="546" ind1=" " ind2=" ">
			<subfield code="a">In German.</subfield>
		</datafield>
		<datafield tag="588" ind1="0" ind2=" ">
			<subfield code="a">Description based on online resource; title from PDF title page (publisher's Web site, viewed 27. Mrz 2018)</subfield>
		</datafield>
		<datafield tag="650" ind1=" " ind2="4">
			<subfield code="a">Deutschland.</subfield>
		</datafield>
		<datafield tag="650" ind1=" " ind2="4">
			<subfield code="a">Literatur.</subfield>
		</datafield>
		<datafield tag="650" ind1=" " ind2="4">
			<subfield code="a">Russland.</subfield>
		</datafield>
		<datafield tag="700" ind1="1" ind2=" ">
			<subfield code="a">Hoefert, Sigfrid, </subfield>
			<subfield code="e">editor.</subfield>
		</datafield>
		<datafield tag="776" ind1="0" ind2=" ">
			<subfield code="c">print</subfield>
			<subfield code="z">9783484190313</subfield>
		</datafield>
		<datafield tag="856" ind1="4" ind2="0">
			<subfield code="u">https://doi.org/10.1515/9783110963366</subfield>
		</datafield>
		<datafield tag="856" ind1="4" ind2="2">
			<subfield code="3">Cover</subfield>
			<subfield code="u">https://www.degruyter.com/doc/cover/9783110963366.jpg</subfield>
		</datafield>
		<datafield tag="912" ind1=" " ind2=" ">
			<subfield code="a">GBV-deGruyter-alles</subfield>
		</datafield>
		<datafield tag="912" ind1=" " ind2=" ">
			<subfield code="a">GBV-deGruyter-PDA11SSHE</subfield>
		</datafield>
		<datafield tag="912" ind1=" " ind2=" ">
			<subfield code="a">GBV-deGruyter-PDA14ALL</subfield>
		</datafield>
		<datafield tag="912" ind1=" " ind2=" ">
			<subfield code="a">GBV-deGruyter-PDA16SSH</subfield>
		</datafield>
		<datafield tag="912" ind1=" " ind2=" ">
			<subfield code="a">GBV-deGruyter-PDA1ALL</subfield>
		</datafield>
		<datafield tag="912" ind1=" " ind2=" ">
			<subfield code="a">GBV-deGruyter-PDA2</subfield>
		</datafield>
		<datafield tag="912" ind1=" " ind2=" ">
			<subfield code="a">GBV-deGruyter-PDA2HUM</subfield>
		</datafield>
		<datafield tag="912" ind1=" " ind2=" ">
			<subfield code="a">GBV-deGruyter-PDA5EBK</subfield>
		</datafield>
	</record>