
	<record xmlns="http://www.loc.gov/MARC21/slim">
		<leader>05526nam a22005415i 4500</leader>
		<controlfield tag="001">9783110963373</controlfield>
		<controlfield tag="003">DE-B1597</controlfield>
		<controlfield tag="005">20180327123002.0</controlfield>
		<controlfield tag="006">m|||||o||d||||||||</controlfield>
		<controlfield tag="007">cr || ||||||||</controlfield>
		<controlfield tag="008">180327s2018    gw     fo  d z      ger d</controlfield>
		<datafield tag="020" ind1=" " ind2=" ">
			<subfield code="a">9783110963373</subfield>
		</datafield>
		<datafield tag="024" ind1="7" ind2=" ">
			<subfield code="a">10.1515/9783110963373</subfield>
			<subfield code="2">doi</subfield>
		</datafield>
		<datafield tag="035" ind1=" " ind2=" ">
			<subfield code="a">(DE-B1597)45260</subfield>
		</datafield>
		<datafield tag="040" ind1=" " ind2=" ">
			<subfield code="a">DE-B1597</subfield>
			<subfield code="b">eng</subfield>
			<subfield code="c">DE-B1597</subfield>
			<subfield code="e">rda</subfield>
		</datafield>
		<datafield tag="041" ind1="0" ind2=" ">
			<subfield code="a">ger</subfield>
		</datafield>
		<datafield tag="044" ind1=" " ind2=" ">
			<subfield code="a">gw</subfield>
			<subfield code="c">DE</subfield>
		</datafield>
		<datafield tag="072" ind1=" " ind2="7">
			<subfield code="a">LIT000000</subfield>
			<subfield code="2">bisacsh</subfield>
		</datafield>
		<datafield tag="072" ind1=" " ind2="7">
			<subfield code="a">LIT004170</subfield>
			<subfield code="2">bisacsh</subfield>
		</datafield>
		<datafield tag="245" ind1="0" ind2="0">
			<subfield code="a">Vom Laienurteil zum Kunstgefühl :</subfield>
			<subfield code="b">Texte zur deutschen Geschmacksdebatte im 18. Jahrhundert /</subfield>
			<subfield code="c">Alexander von Bormann.</subfield>
		</datafield>
		<datafield tag="250" ind1=" " ind2=" ">
			<subfield code="a">Reprint 2017</subfield>
		</datafield>
		<datafield tag="264" ind1=" " ind2="1">
			<subfield code="a">Berlin ;Boston : </subfield>
			<subfield code="b">De Gruyter, </subfield>
			<subfield code="c">[2018]</subfield>
		</datafield>
		<datafield tag="264" ind1=" " ind2="4">
			<subfield code="c">©1974</subfield>
		</datafield>
		<datafield tag="300" ind1=" " ind2=" ">
			<subfield code="a">1 online resource (199 p.)</subfield>
		</datafield>
		<datafield tag="336" ind1=" " ind2=" ">
			<subfield code="a">text</subfield>
			<subfield code="b">txt</subfield>
			<subfield code="2">rdacontent</subfield>
		</datafield>
		<datafield tag="337" ind1=" " ind2=" ">
			<subfield code="a">computer</subfield>
			<subfield code="b">c</subfield>
			<subfield code="2">rdamedia</subfield>
		</datafield>
		<datafield tag="338" ind1=" " ind2=" ">
			<subfield code="a">online resource</subfield>
			<subfield code="b">cr</subfield>
			<subfield code="2">rdacarrier</subfield>
		</datafield>
		<datafield tag="347" ind1=" " ind2=" ">
			<subfield code="a">text file</subfield>
			<subfield code="b">PDF</subfield>
			<subfield code="2">rda</subfield>
		</datafield>
		<datafield tag="490" ind1="0" ind2=" ">
			<subfield code="a">Deutsche Texte ;</subfield>
			<subfield code="v">30</subfield>
		</datafield>
		<datafield tag="505" ind1="0" ind2="0">
			<subfield code="t">Frontmatter -- </subfield>
			<subfield code="t">Inhaltsverzeichnis -- </subfield>
			<subfield code="t">Einleitung -- </subfield>
			<subfield code="t">I. DIE EINBÜRGERUNG DES GESCHMACKSBEGRIFFS: DER GESCHMACK DES VERSTANDES -- </subfield>
			<subfield code="t">§ 1. JOHANN ULRICH KÖNIG ( 1 7 2 7 ) Untersuchung von dem guten Geschmack -- </subfield>
			<subfield code="t">§ 2. JOHANN CHRISTOPH GOTTSCHED ( 1 7 3 0 ) Vom guten Geschmacke eines Poeten -- </subfield>
			<subfield code="t">§ 3. JOHANN JACOB BODMER (1727/1736) Von der Natur des poetischen Geschmacks -- </subfield>
			<subfield code="t">§ 4. JOHANN JACOB BREITINGER (1740) Von den Gleichnissen -- </subfield>
			<subfield code="t">II. IDEE EINER LOGIK DER PHANTASIE. GESCHMACK UND EINBILDUNGSKRAFT. -- </subfield>
			<subfield code="t">§ 5. JOHANN JACOB BODMER (1727) Von dem Einfluss und Gebrauche der Einbildungs-Krafft -- </subfield>
			<subfield code="t">§ 6. JOHANN JACOB BREITINGER (1740) Von den Gleichnissen -- </subfield>
			<subfield code="t">§ 7. IMMANUEL JAKOB PYRA (1743) Wahrheit und Wahrscheinlichkeit. (Der Streit um Milton) -- </subfield>
			<subfield code="t">§ 8. JOHANN ELIAS SCHLEGEL (1741) Die Grenzen der Einbildungskraft und die ästhetischen Konsequenzen: Von der Unähnlichkeit in der Nachahmung -- </subfield>
			<subfield code="t">III. PLÖTZLICHE AUFKLÄRUNGEN - GESCHMACK UND GENIE -- </subfield>
			<subfield code="t">§ 9. JUSTUS MÖSER ( 1 7 4 7 ) Die unerschöpfliche Tiefe der Naturregeln -- </subfield>
			<subfield code="t">§ 10. GEORG FRIEDRICH MEIER (1748) »Ein proportionirt Vergnügen.« Von der anschauenden Erkenntnis -- </subfield>
			<subfield code="t">§ 11 . FRIEDRICH NICOLAI (1755) Das Genie und die unpoetische Welt -- </subfield>
			<subfield code="t">§ 12. MARTIN RESEWITZ (1759) Versuch über das Genie -- </subfield>
			<subfield code="t">§ 13. THOMAS ABBT (1762)»Das sichere Gefühl der Proportion« - vom Vergnügen der Anschauung -- </subfield>
			<subfield code="t">§ 14. CHRISTIAN GARVE (1769) Versuch über die Prüfung der Fähigkeiten -- </subfield>
			<subfield code="t">§ 15. JOHANN GOTTFRIED HERDER (1773) Gemessene Schönheit - Geschmack als Ordnung im Gebrauch der Geniekräfte -- </subfield>
			<subfield code="t">§ 16. CHRISTOPH MARTIN WIELAND (1778) Was ist Wahrheit? Das Recht des inneren Gefühls -- </subfield>
			<subfield code="t">IV. VERWANDTSCHAFT DES SCHÖNEN UND GUTEN - DIE MORALISCHE WENDUNG -- </subfield>
			<subfield code="t">§ 17. GEORG FRIEDRICH MEIER (1746) Von einigen Ursachen des verdorbenen Geschmacks. (Vorurteile der Aufklärung) -- </subfield>
			<subfield code="t">§ 18. GOTTHOLD EPHRAIM LESSING (1751) Der Geschmack - eine unschuldige Stütze der Gesellschaft? Die Rousseau-Rezension -- </subfield>
			<subfield code="t">§ 19. CHRISTIAN FÜRCHTEGOTT GELLERT (1751/56)Von dem Einflüsse der schönen Wissenschaften auf das Herz und die Sitten. Eine Rede -- </subfield>
			<subfield code="t">§ 20. JOHANN ADOLF SCHLEGEL (1751) Von der Notwendigkeit, den Geschmack zu bilden -- </subfield>
			<subfield code="t">§ 21. MOSES MENDELSSOHN (1757~1760)Verwandtschaft des Schönen und Guten -- </subfield>
			<subfield code="t">§ 22. CHRISTIAN GARVE (1792) Über das bürgerliche Air. Vom Klassencharakter des Geschmacks -- </subfield>
			<subfield code="t">V. GESCHMACK UND KRITIK. DER GESCHMACK UND DIE KÜNSTE -- </subfield>
			<subfield code="t">§ 23 . FRIEDRICH NICOLAI (1755) Daß die schärfste Kritik zu der Aufnahme der schönen Wissenschaften unumgänglich notwendig sei -- </subfield>
			<subfield code="t">§ 24. CHRISTIAN FÜRCHTEGOTT GELLERT (1756) -- </subfield>
			<subfield code="t">§ 25. FRIEDRICH GOTTLIEB KLOPSTOCK (1758) Von dem Publiko. (Die neue Regel zu der neuen Schönheit: Kunstrichter und Kunstkenner.) -- </subfield>
			<subfield code="t">§ 26. GOTTHOLD EPHRAIM LESSING (1767) Der Rezensent braucht nicht besser machen zu können, was er tadelt -- </subfield>
			<subfield code="t">VI. HISTORIK DES GESCHMACKS UND IDEALER GESCHMACK -- </subfield>
			<subfield code="t">§ 27. MOSES MENDELSSOHN (1758) Die idealische Schönheit - der sichere Grund des Geschmacks -- </subfield>
			<subfield code="t">§ 28. ANTON RAPHAEL MENGS (1762) Schönheit und Geschmack in der Malerei -- </subfield>
			<subfield code="t">§ 29. JOHANN JOACHIM WINCKELMANN -- </subfield>
			<subfield code="t">§ 30. JOHANN GOTTFRIED HERDER (1773) Die historische Dialektik des Geschmacks (Der Geschmack und seine Veranlassungen). Ursachen des gesunknen Geschmacks -- </subfield>
			<subfield code="t">§ 31. CHRISTIOPH MARTIN WIELAND (1775) Über das Verhältnis des Angenehmen und Schönen zum Nützlichen -- </subfield>
			<subfield code="t">§ 32. JUSTUS MOSER (1780) Über das Kunstgefühl. Von einem Weinhändler -- </subfield>
			<subfield code="t">§ 33. FRIEDRICH JUST RIEDEL (1768) Die subjektivische Natur der Schönheit -- </subfield>
			<subfield code="t">§ 34. MARCUS HERZ (1776) Der objektivische Wert der Schönheit -- </subfield>
			<subfield code="t">§ 35. IMMANUEL KANT (1790): Kritik der Urteilskraft -- </subfield>
			<subfield code="t">Literaturhinweise -- </subfield>
			<subfield code="t">Quellenverzeichnis -- </subfield>
			<subfield code="t">Nachwort -- </subfield>
			<subfield code="t">Register -- </subfield>
			<subfield code="t">Sachregister</subfield>
		</datafield>
		<datafield tag="538" ind1=" " ind2=" ">
			<subfield code="a">Mode of access: Internet via World Wide Web.</subfield>
		</datafield>
		<datafield tag="546" ind1=" " ind2=" ">
			<subfield code="a">In German.</subfield>
		</datafield>
		<datafield tag="588" ind1="0" ind2=" ">
			<subfield code="a">Description based on online resource; title from PDF title page (publisher's Web site, viewed 27. Mrz 2018)</subfield>
		</datafield>
		<datafield tag="650" ind1=" " ind2="4">
			<subfield code="a">Kunstgefühl.</subfield>
		</datafield>
		<datafield tag="650" ind1=" " ind2="4">
			<subfield code="a">Laienurteil.</subfield>
		</datafield>
		<datafield tag="650" ind1=" " ind2="4">
			<subfield code="a">Literatur.</subfield>
		</datafield>
		<datafield tag="700" ind1="1" ind2=" ">
			<subfield code="a">Bormann, Alexander von, </subfield>
			<subfield code="e">editor.</subfield>
		</datafield>
		<datafield tag="776" ind1="0" ind2=" ">
			<subfield code="c">print</subfield>
			<subfield code="z">9783484190283</subfield>
		</datafield>
		<datafield tag="856" ind1="4" ind2="0">
			<subfield code="u">https://doi.org/10.1515/9783110963373</subfield>
		</datafield>
		<datafield tag="856" ind1="4" ind2="2">
			<subfield code="3">Cover</subfield>
			<subfield code="u">https://www.degruyter.com/doc/cover/9783110963373.jpg</subfield>
		</datafield>
		<datafield tag="912" ind1=" " ind2=" ">
			<subfield code="a">GBV-deGruyter-alles</subfield>
		</datafield>
		<datafield tag="912" ind1=" " ind2=" ">
			<subfield code="a">GBV-deGruyter-PDA11SSHE</subfield>
		</datafield>
		<datafield tag="912" ind1=" " ind2=" ">
			<subfield code="a">GBV-deGruyter-PDA14ALL</subfield>
		</datafield>
		<datafield tag="912" ind1=" " ind2=" ">
			<subfield code="a">GBV-deGruyter-PDA16SSH</subfield>
		</datafield>
		<datafield tag="912" ind1=" " ind2=" ">
			<subfield code="a">GBV-deGruyter-PDA1ALL</subfield>
		</datafield>
		<datafield tag="912" ind1=" " ind2=" ">
			<subfield code="a">GBV-deGruyter-PDA2</subfield>
		</datafield>
		<datafield tag="912" ind1=" " ind2=" ">
			<subfield code="a">GBV-deGruyter-PDA2HUM</subfield>
		</datafield>
		<datafield tag="912" ind1=" " ind2=" ">
			<subfield code="a">GBV-deGruyter-PDA5EBK</subfield>
		</datafield>
	</record>