
	<record xmlns="http://www.loc.gov/MARC21/slim">
		<leader>02968nam a22005295i 4500</leader>
		<controlfield tag="001">9783111328089</controlfield>
		<controlfield tag="003">DE-B1597</controlfield>
		<controlfield tag="005">20180327123002.0</controlfield>
		<controlfield tag="006">m|||||o||d||||||||</controlfield>
		<controlfield tag="007">cr || ||||||||</controlfield>
		<controlfield tag="008">180327s2018    gw     fo  d z      ger d</controlfield>
		<datafield tag="020" ind1=" " ind2=" ">
			<subfield code="a">9783111328089</subfield>
		</datafield>
		<datafield tag="024" ind1="7" ind2=" ">
			<subfield code="a">10.1515/9783111328089</subfield>
			<subfield code="2">doi</subfield>
		</datafield>
		<datafield tag="035" ind1=" " ind2=" ">
			<subfield code="a">(DE-B1597)90831</subfield>
		</datafield>
		<datafield tag="040" ind1=" " ind2=" ">
			<subfield code="a">DE-B1597</subfield>
			<subfield code="b">eng</subfield>
			<subfield code="c">DE-B1597</subfield>
			<subfield code="e">rda</subfield>
		</datafield>
		<datafield tag="041" ind1="0" ind2=" ">
			<subfield code="a">ger</subfield>
		</datafield>
		<datafield tag="044" ind1=" " ind2=" ">
			<subfield code="a">gw</subfield>
			<subfield code="c">DE</subfield>
		</datafield>
		<datafield tag="072" ind1=" " ind2="7">
			<subfield code="a">HIS002000</subfield>
			<subfield code="2">bisacsh</subfield>
		</datafield>
		<datafield tag="100" ind1="1" ind2=" ">
			<subfield code="a">Bambeck, Manfred,</subfield>
			<subfield code="e">author.</subfield>
		</datafield>
		<datafield tag="245" ind1="1" ind2="0">
			<subfield code="a">Boden und Werkwelt :</subfield>
			<subfield code="b">Untersuchungen zum Vokabular der Galloromania aufgrund von nichtliterarischen Texten. Mit besonderer Berücksichtigung mittellatein. Urkunden /</subfield>
			<subfield code="c">Manfred Bambeck.</subfield>
		</datafield>
		<datafield tag="250" ind1=" " ind2=" ">
			<subfield code="a">Reprint 2017</subfield>
		</datafield>
		<datafield tag="264" ind1=" " ind2="1">
			<subfield code="a">Berlin ;Boston : </subfield>
			<subfield code="b">De Gruyter, </subfield>
			<subfield code="c">[2018]</subfield>
		</datafield>
		<datafield tag="264" ind1=" " ind2="4">
			<subfield code="c">©1968</subfield>
		</datafield>
		<datafield tag="300" ind1=" " ind2=" ">
			<subfield code="a">1 online resource (253 p.)</subfield>
		</datafield>
		<datafield tag="336" ind1=" " ind2=" ">
			<subfield code="a">text</subfield>
			<subfield code="b">txt</subfield>
			<subfield code="2">rdacontent</subfield>
		</datafield>
		<datafield tag="337" ind1=" " ind2=" ">
			<subfield code="a">computer</subfield>
			<subfield code="b">c</subfield>
			<subfield code="2">rdamedia</subfield>
		</datafield>
		<datafield tag="338" ind1=" " ind2=" ">
			<subfield code="a">online resource</subfield>
			<subfield code="b">cr</subfield>
			<subfield code="2">rdacarrier</subfield>
		</datafield>
		<datafield tag="347" ind1=" " ind2=" ">
			<subfield code="a">text file</subfield>
			<subfield code="b">PDF</subfield>
			<subfield code="2">rda</subfield>
		</datafield>
		<datafield tag="490" ind1="0" ind2=" ">
			<subfield code="a">Beihefte zur Zeitschrift für romanische Philologie ;</subfield>
			<subfield code="v">115</subfield>
		</datafield>
		<datafield tag="505" ind1="0" ind2="0">
			<subfield code="t">Frontmatter -- </subfield>
			<subfield code="t">VORWORT -- </subfield>
			<subfield code="t">INHALT -- </subfield>
			<subfield code="t">EINLEITUNG -- </subfield>
			<subfield code="t">I. Geländeformen -- </subfield>
			<subfield code="t">II. Wildwachsende Pflanzen -- </subfield>
			<subfield code="t">III. Waldbäume, Holz -- </subfield>
			<subfield code="t">IV. Das Wasser, seine Regulierung und Nutzung -- </subfield>
			<subfield code="t">V. Fischweiher und Fischfang -- </subfield>
			<subfield code="t">VI. Fischbezeichnungen -- </subfield>
			<subfield code="t">VII. Schiffahrt -- </subfield>
			<subfield code="t">VIII. Mühle und Mühlteich -- </subfield>
			<subfield code="t">IX. Weg und Fahrzeug -- </subfield>
			<subfield code="t">X. Richtung, Orientierung im Gelände -- </subfield>
			<subfield code="t">XI. Landmaße und Landeinteilung -- </subfield>
			<subfield code="t">XII. Die Erde im Blickfeld des Bauern -- </subfield>
			<subfield code="t">XIII. Weidewirtschaft -- </subfield>
			<subfield code="t">XIV. Viehzucht -- </subfield>
			<subfield code="t">XV. Getreide und Getreideanbau -- </subfield>
			<subfield code="t">XVI. Hanfbau -- </subfield>
			<subfield code="t">XVII. Bäuerliche Siedlung -- </subfield>
			<subfield code="t">XVIII. Sonstiges aus dem Bereich der Landwirtschaft -- </subfield>
			<subfield code="t">XIX. Pflanzen und Früchte und ihre Kultur -- </subfield>
			<subfield code="t">XX. Rund um Wein und Cidre -- </subfield>
			<subfield code="t">XXI. Bier, Bierbrauerei -- </subfield>
			<subfield code="t">XXII. Behälter und Gefäße -- </subfield>
			<subfield code="t">XXIII. Gebrauchsgegenstände, Hausrat -- </subfield>
			<subfield code="t">XXIV. Werkzeuge -- </subfield>
			<subfield code="t">XXV. Lederbearbeitung und Gerberei -- </subfield>
			<subfield code="t">XXVI. Stoffe und Bekleidung -- </subfield>
			<subfield code="t">XXVII. Walkerei -- </subfield>
			<subfield code="t">XXVIII. Pelzbereitung -- </subfield>
			<subfield code="t">XXIX. Bäckerei -- </subfield>
			<subfield code="t">XXX. Metzgerei und Fleischbereitung -- </subfield>
			<subfield code="t">XXXI. Haus und Hausbau -- </subfield>
			<subfield code="t">ZUSAMMENFASSUNG -- </subfield>
			<subfield code="t">ALPHABETISCHER WORTINDEX -- </subfield>
			<subfield code="t">QUELLEN -- </subfield>
			<subfield code="t">LITERATUR</subfield>
		</datafield>
		<datafield tag="538" ind1=" " ind2=" ">
			<subfield code="a">Mode of access: Internet via World Wide Web.</subfield>
		</datafield>
		<datafield tag="546" ind1=" " ind2=" ">
			<subfield code="a">In German.</subfield>
		</datafield>
		<datafield tag="588" ind1="0" ind2=" ">
			<subfield code="a">Description based on online resource; title from PDF title page (publisher's Web site, viewed 27. Mrz 2018)</subfield>
		</datafield>
		<datafield tag="650" ind1=" " ind2="4">
			<subfield code="a">Boden.</subfield>
		</datafield>
		<datafield tag="650" ind1=" " ind2="4">
			<subfield code="a">Literatur.</subfield>
		</datafield>
		<datafield tag="650" ind1=" " ind2="4">
			<subfield code="a">Werkwelt.</subfield>
		</datafield>
		<datafield tag="776" ind1="0" ind2=" ">
			<subfield code="c">print</subfield>
			<subfield code="z">9783110984750</subfield>
		</datafield>
		<datafield tag="856" ind1="4" ind2="0">
			<subfield code="u">https://doi.org/10.1515/9783111328089</subfield>
		</datafield>
		<datafield tag="856" ind1="4" ind2="2">
			<subfield code="3">Cover</subfield>
			<subfield code="u">https://www.degruyter.com/doc/cover/9783111328089.jpg</subfield>
		</datafield>
		<datafield tag="912" ind1=" " ind2=" ">
			<subfield code="a">GBV-deGruyter-alles</subfield>
		</datafield>
		<datafield tag="912" ind1=" " ind2=" ">
			<subfield code="a">GBV-deGruyter-PDA11SSHE</subfield>
		</datafield>
		<datafield tag="912" ind1=" " ind2=" ">
			<subfield code="a">GBV-deGruyter-PDA14ALL</subfield>
		</datafield>
		<datafield tag="912" ind1=" " ind2=" ">
			<subfield code="a">GBV-deGruyter-PDA16SSH</subfield>
		</datafield>
		<datafield tag="912" ind1=" " ind2=" ">
			<subfield code="a">GBV-deGruyter-PDA1ALL</subfield>
		</datafield>
		<datafield tag="912" ind1=" " ind2=" ">
			<subfield code="a">GBV-deGruyter-PDA2</subfield>
		</datafield>
		<datafield tag="912" ind1=" " ind2=" ">
			<subfield code="a">GBV-deGruyter-PDA2HUM</subfield>
		</datafield>
		<datafield tag="912" ind1=" " ind2=" ">
			<subfield code="a">GBV-deGruyter-PDA5EBK</subfield>
		</datafield>
	</record>