
	<record xmlns="http://www.loc.gov/MARC21/slim">
		<leader>02870nam a22005295i 4500</leader>
		<controlfield tag="001">9783111328515</controlfield>
		<controlfield tag="003">DE-B1597</controlfield>
		<controlfield tag="005">20180327123002.0</controlfield>
		<controlfield tag="006">m|||||o||d||||||||</controlfield>
		<controlfield tag="007">cr || ||||||||</controlfield>
		<controlfield tag="008">180327s2018    gw     fo  d z      fre d</controlfield>
		<datafield tag="020" ind1=" " ind2=" ">
			<subfield code="a">9783111328515</subfield>
		</datafield>
		<datafield tag="024" ind1="7" ind2=" ">
			<subfield code="a">10.1515/9783111328515</subfield>
			<subfield code="2">doi</subfield>
		</datafield>
		<datafield tag="035" ind1=" " ind2=" ">
			<subfield code="a">(DE-B1597)84883</subfield>
		</datafield>
		<datafield tag="040" ind1=" " ind2=" ">
			<subfield code="a">DE-B1597</subfield>
			<subfield code="b">eng</subfield>
			<subfield code="c">DE-B1597</subfield>
			<subfield code="e">rda</subfield>
		</datafield>
		<datafield tag="041" ind1="0" ind2=" ">
			<subfield code="a">fre</subfield>
		</datafield>
		<datafield tag="044" ind1=" " ind2=" ">
			<subfield code="a">gw</subfield>
			<subfield code="c">DE</subfield>
		</datafield>
		<datafield tag="072" ind1=" " ind2="7">
			<subfield code="a">LAN009000</subfield>
			<subfield code="2">bisacsh</subfield>
		</datafield>
		<datafield tag="100" ind1="1" ind2=" ">
			<subfield code="a">Abel, Fritz,</subfield>
			<subfield code="e">author.</subfield>
		</datafield>
		<datafield tag="245" ind1="1" ind2="0">
			<subfield code="a">L' adjectif démonstratif dans la langue de la Bible latine :</subfield>
			<subfield code="b">Étude sur la formation des systémes déictiques et de l'article défini des langues romanes /</subfield>
			<subfield code="c">Fritz Abel.</subfield>
		</datafield>
		<datafield tag="250" ind1=" " ind2=" ">
			<subfield code="a">Reprint 2017</subfield>
		</datafield>
		<datafield tag="264" ind1=" " ind2="1">
			<subfield code="a">Tübingen : </subfield>
			<subfield code="b">Max Niemeyer Verlag, </subfield>
			<subfield code="c">[2018]</subfield>
		</datafield>
		<datafield tag="264" ind1=" " ind2="4">
			<subfield code="c">©1971</subfield>
		</datafield>
		<datafield tag="300" ind1=" " ind2=" ">
			<subfield code="a">1 online resource (229 p.):</subfield>
			<subfield code="b">Nbx. figs.</subfield>
		</datafield>
		<datafield tag="336" ind1=" " ind2=" ">
			<subfield code="a">text</subfield>
			<subfield code="b">txt</subfield>
			<subfield code="2">rdacontent</subfield>
		</datafield>
		<datafield tag="337" ind1=" " ind2=" ">
			<subfield code="a">computer</subfield>
			<subfield code="b">c</subfield>
			<subfield code="2">rdamedia</subfield>
		</datafield>
		<datafield tag="338" ind1=" " ind2=" ">
			<subfield code="a">online resource</subfield>
			<subfield code="b">cr</subfield>
			<subfield code="2">rdacarrier</subfield>
		</datafield>
		<datafield tag="347" ind1=" " ind2=" ">
			<subfield code="a">text file</subfield>
			<subfield code="b">PDF</subfield>
			<subfield code="2">rda</subfield>
		</datafield>
		<datafield tag="490" ind1="0" ind2=" ">
			<subfield code="a">Beihefte zur Zeitschrift für romanische Philologie ;</subfield>
			<subfield code="v">125</subfield>
		</datafield>
		<datafield tag="505" ind1="0" ind2="0">
			<subfield code="t">Frontmatter -- </subfield>
			<subfield code="t">AVANT - PROPOS -- </subfield>
			<subfield code="t">TABLE DES MATIÈRES -- </subfield>
			<subfield code="t">BIBLIOGRAPHIE -- </subfield>
			<subfield code="t">VERSIONS LATINES DE LA BIBLE -- </subfield>
			<subfield code="t">PREMIÈRE PARTIE. INTRODUCTION -- </subfield>
			<subfield code="t">1. État de la question -- </subfield>
			<subfield code="t">2. Buts et méthodes de cette étude -- </subfield>
			<subfield code="t">3. Systèmes déictiques latin et romans -- </subfield>
			<subfield code="t">DEUXIÈME PARTIE RÉSULTATS GÉNÉRAUX -- </subfield>
			<subfield code="t">TROISIÈME PARTIE. LES DIFFÉRENTS DÉMONSTRATIFS -- </subfield>
			<subfield code="t">1. HIC -- </subfield>
			<subfield code="t">2. ISTE -- </subfield>
			<subfield code="t">3. ILLE -- </subfield>
			<subfield code="t">4. IS -- </subfield>
			<subfield code="t">5. IPSE -- </subfield>
			<subfield code="t">6. IDEM -- </subfield>
			<subfield code="t">QUATRIÈME PARTIE. QUESTIONS PARTICULIÈRES -- </subfield>
			<subfield code="t">1 . Démonstratifs auprès d'un numéral -- </subfield>
			<subfield code="t">2. Contextes particuliers -- </subfield>
			<subfield code="t">3. La position de ILLE et celle des autres démonstratifs -- </subfield>
			<subfield code="t">4. Les démonstratifs en position articulatoire -- </subfield>
			<subfield code="t">5. Constructions ambiguës du type «.patris eius» -- </subfield>
			<subfield code="t">6. Démonstratifs accompagnant un participe -- </subfield>
			<subfield code="t">7. Deux démonstratifs -- </subfield>
			<subfield code="t">8. Emploi de IPSE auprès d'un pronom personnel -- </subfield>
			<subfield code="t">9. Hic mundus et similia -- </subfield>
			<subfield code="t">10. OMNIA HAEC et similia -- </subfield>
			<subfield code="t">11. HUIUSMODI et similia -- </subfield>
			<subfield code="t">12. Particularités morphologiques et phonétiques -- </subfield>
			<subfield code="t">CINQUIÈME PARTIE. CONCLUSION (Thèses)</subfield>
		</datafield>
		<datafield tag="538" ind1=" " ind2=" ">
			<subfield code="a">Mode of access: Internet via World Wide Web.</subfield>
		</datafield>
		<datafield tag="546" ind1=" " ind2=" ">
			<subfield code="a">In French.</subfield>
		</datafield>
		<datafield tag="588" ind1="0" ind2=" ">
			<subfield code="a">Description based on online resource; title from PDF title page (publisher's Web site, viewed 27. Mrz 2018)</subfield>
		</datafield>
		<datafield tag="650" ind1=" " ind2="4">
			<subfield code="a">Deutsch.</subfield>
		</datafield>
		<datafield tag="650" ind1=" " ind2="4">
			<subfield code="a">Französisch.</subfield>
		</datafield>
		<datafield tag="650" ind1=" " ind2="4">
			<subfield code="a">Philologie.</subfield>
		</datafield>
		<datafield tag="776" ind1="0" ind2=" ">
			<subfield code="c">print</subfield>
			<subfield code="z">9783484520301</subfield>
		</datafield>
		<datafield tag="856" ind1="4" ind2="0">
			<subfield code="u">https://doi.org/10.1515/9783111328515</subfield>
		</datafield>
		<datafield tag="856" ind1="4" ind2="2">
			<subfield code="3">Cover</subfield>
			<subfield code="u">https://www.degruyter.com/doc/cover/9783111328515.jpg</subfield>
		</datafield>
		<datafield tag="912" ind1=" " ind2=" ">
			<subfield code="a">GBV-deGruyter-alles</subfield>
		</datafield>
		<datafield tag="912" ind1=" " ind2=" ">
			<subfield code="a">GBV-deGruyter-PDA11SSHE</subfield>
		</datafield>
		<datafield tag="912" ind1=" " ind2=" ">
			<subfield code="a">GBV-deGruyter-PDA14ALL</subfield>
		</datafield>
		<datafield tag="912" ind1=" " ind2=" ">
			<subfield code="a">GBV-deGruyter-PDA16SSH</subfield>
		</datafield>
		<datafield tag="912" ind1=" " ind2=" ">
			<subfield code="a">GBV-deGruyter-PDA1ALL</subfield>
		</datafield>
		<datafield tag="912" ind1=" " ind2=" ">
			<subfield code="a">GBV-deGruyter-PDA2</subfield>
		</datafield>
		<datafield tag="912" ind1=" " ind2=" ">
			<subfield code="a">GBV-deGruyter-PDA2HUM</subfield>
		</datafield>
		<datafield tag="912" ind1=" " ind2=" ">
			<subfield code="a">GBV-deGruyter-PDA5EBK</subfield>
		</datafield>
	</record>