
	<record xmlns="http://www.loc.gov/MARC21/slim">
		<leader>02796nam a22005295i 4500</leader>
		<controlfield tag="001">9783111328546</controlfield>
		<controlfield tag="003">DE-B1597</controlfield>
		<controlfield tag="005">20180327123002.0</controlfield>
		<controlfield tag="006">m|||||o||d||||||||</controlfield>
		<controlfield tag="007">cr || ||||||||</controlfield>
		<controlfield tag="008">180327s2018    gw     fo  d z      fre d</controlfield>
		<datafield tag="020" ind1=" " ind2=" ">
			<subfield code="a">9783111328546</subfield>
		</datafield>
		<datafield tag="024" ind1="7" ind2=" ">
			<subfield code="a">10.1515/9783111328546</subfield>
			<subfield code="2">doi</subfield>
		</datafield>
		<datafield tag="035" ind1=" " ind2=" ">
			<subfield code="a">(DE-B1597)57965</subfield>
		</datafield>
		<datafield tag="040" ind1=" " ind2=" ">
			<subfield code="a">DE-B1597</subfield>
			<subfield code="b">eng</subfield>
			<subfield code="c">DE-B1597</subfield>
			<subfield code="e">rda</subfield>
		</datafield>
		<datafield tag="041" ind1="0" ind2=" ">
			<subfield code="a">fre</subfield>
		</datafield>
		<datafield tag="044" ind1=" " ind2=" ">
			<subfield code="a">gw</subfield>
			<subfield code="c">DE</subfield>
		</datafield>
		<datafield tag="072" ind1=" " ind2="7">
			<subfield code="a">LAN009000</subfield>
			<subfield code="2">bisacsh</subfield>
		</datafield>
		<datafield tag="100" ind1="1" ind2=" ">
			<subfield code="a">Gnaedinger, Louise,</subfield>
			<subfield code="e">author.</subfield>
		</datafield>
		<datafield tag="245" ind1="1" ind2="0">
			<subfield code="a">Eremitica :</subfield>
			<subfield code="b">Studien zur altfranzösischen Heiligenvita des 12. und 13. Jahrhunderts /</subfield>
			<subfield code="c">Louise Gnaedinger.</subfield>
		</datafield>
		<datafield tag="250" ind1=" " ind2=" ">
			<subfield code="a">Reprint 2017</subfield>
		</datafield>
		<datafield tag="264" ind1=" " ind2="1">
			<subfield code="a">Tübingen : </subfield>
			<subfield code="b">Max Niemeyer Verlag, </subfield>
			<subfield code="c">[2018]</subfield>
		</datafield>
		<datafield tag="264" ind1=" " ind2="4">
			<subfield code="c">©1972</subfield>
		</datafield>
		<datafield tag="300" ind1=" " ind2=" ">
			<subfield code="a">1 online resource (446 p.)</subfield>
		</datafield>
		<datafield tag="336" ind1=" " ind2=" ">
			<subfield code="a">text</subfield>
			<subfield code="b">txt</subfield>
			<subfield code="2">rdacontent</subfield>
		</datafield>
		<datafield tag="337" ind1=" " ind2=" ">
			<subfield code="a">computer</subfield>
			<subfield code="b">c</subfield>
			<subfield code="2">rdamedia</subfield>
		</datafield>
		<datafield tag="338" ind1=" " ind2=" ">
			<subfield code="a">online resource</subfield>
			<subfield code="b">cr</subfield>
			<subfield code="2">rdacarrier</subfield>
		</datafield>
		<datafield tag="347" ind1=" " ind2=" ">
			<subfield code="a">text file</subfield>
			<subfield code="b">PDF</subfield>
			<subfield code="2">rda</subfield>
		</datafield>
		<datafield tag="490" ind1="0" ind2=" ">
			<subfield code="a">Beihefte zur Zeitschrift für romanische Philologie ;</subfield>
			<subfield code="v">130</subfield>
		</datafield>
		<datafield tag="505" ind1="0" ind2="0">
			<subfield code="t">Frontmatter -- </subfield>
			<subfield code="t">INHALTSVERZEICHNIS -- </subfield>
			<subfield code="t">VORWORT -- </subfield>
			<subfield code="t">A. Zur Cançun de saint Alexis -- </subfield>
			<subfield code="t">I. DIE REZEPTION DES ALEXIUSSTOFFES: DIACHRONISCHER RÜCKBLICK -- </subfield>
			<subfield code="t">II .DIE HS.L UND IHR EREMITISCHES MILIEU -- </subfield>
			<subfield code="t">III. MOTIVIK DER VITA SOLITARIA -- </subfield>
			<subfield code="t">B. Die Vie de saint Gile des Guillaume de Berneville -- </subfield>
			<subfield code="t">I. PRÆAMBULA -- </subfield>
			<subfield code="t">II. DER PROLOG -- </subfield>
			<subfield code="t">III. KINDHEITS–UND JUGENDGESCHICHTE -- </subfield>
			<subfield code="t">IV. VERSUCHUNG UND BEWÄHRUNG -- </subfield>
			<subfield code="t">V. DIE FLUCHT -- </subfield>
			<subfield code="t">VI. BEIM BISCHOF CÆSARIUS VON ARLES -- </subfield>
			<subfield code="t">VII . DER EREMIT VEREDEMIUS -- </subfield>
			<subfield code="t">VIII. DER HEILIGE IN SEINER EINSIEDELEI -- </subfield>
			<subfield code="t">IX. DIE KLOSTERGRÜNDUNG: GILLES’LEBEN ALS ABT -- </subfield>
			<subfield code="t">X. DER EXEMPLARISCHE TOD -- </subfield>
			<subfield code="t">XI. DAS NACHLEBEN -- </subfield>
			<subfield code="t">XII. ABSCHLIESSENDER RÜCKBLICK: DIE EIGENART DER VIE DE SAINT GILE -- </subfield>
			<subfield code="t">C. Die Vie de saint Jehan Bouche d’Or -- </subfield>
			<subfield code="t">I. ERZÄHLERISCHER RAHMEN UND PROLOG -- </subfield>
			<subfield code="t">II. MITTELPARTIE: VERBANNUNG AUF DIE INSEL UND EREMITENLEBEN -- </subfield>
			<subfield code="t">III. WUNDERBARE RÜCKKEHR UND TRIUMPH -- </subfield>
			<subfield code="t">LITERATURVERZEICHNIS -- </subfield>
			<subfield code="t">ABKÜRZUNGSVERZEICHNIS -- </subfield>
			<subfield code="t">NAMENREGISTER -- </subfield>
			<subfield code="t">SACHREGISTER</subfield>
		</datafield>
		<datafield tag="538" ind1=" " ind2=" ">
			<subfield code="a">Mode of access: Internet via World Wide Web.</subfield>
		</datafield>
		<datafield tag="546" ind1=" " ind2=" ">
			<subfield code="a">In French.</subfield>
		</datafield>
		<datafield tag="588" ind1="0" ind2=" ">
			<subfield code="a">Description based on online resource; title from PDF title page (publisher's Web site, viewed 27. Mrz 2018)</subfield>
		</datafield>
		<datafield tag="650" ind1=" " ind2="4">
			<subfield code="a">12. und 13. Jahrhundert.</subfield>
		</datafield>
		<datafield tag="650" ind1=" " ind2="4">
			<subfield code="a">Altfranzösisch.</subfield>
		</datafield>
		<datafield tag="650" ind1=" " ind2="4">
			<subfield code="a">Geschichte.</subfield>
		</datafield>
		<datafield tag="776" ind1="0" ind2=" ">
			<subfield code="c">print</subfield>
			<subfield code="z">9783484520356</subfield>
		</datafield>
		<datafield tag="856" ind1="4" ind2="0">
			<subfield code="u">https://doi.org/10.1515/9783111328546</subfield>
		</datafield>
		<datafield tag="856" ind1="4" ind2="2">
			<subfield code="3">Cover</subfield>
			<subfield code="u">https://www.degruyter.com/doc/cover/9783111328546.jpg</subfield>
		</datafield>
		<datafield tag="912" ind1=" " ind2=" ">
			<subfield code="a">GBV-deGruyter-alles</subfield>
		</datafield>
		<datafield tag="912" ind1=" " ind2=" ">
			<subfield code="a">GBV-deGruyter-PDA11SSHE</subfield>
		</datafield>
		<datafield tag="912" ind1=" " ind2=" ">
			<subfield code="a">GBV-deGruyter-PDA14ALL</subfield>
		</datafield>
		<datafield tag="912" ind1=" " ind2=" ">
			<subfield code="a">GBV-deGruyter-PDA16SSH</subfield>
		</datafield>
		<datafield tag="912" ind1=" " ind2=" ">
			<subfield code="a">GBV-deGruyter-PDA1ALL</subfield>
		</datafield>
		<datafield tag="912" ind1=" " ind2=" ">
			<subfield code="a">GBV-deGruyter-PDA2</subfield>
		</datafield>
		<datafield tag="912" ind1=" " ind2=" ">
			<subfield code="a">GBV-deGruyter-PDA2HUM</subfield>
		</datafield>
		<datafield tag="912" ind1=" " ind2=" ">
			<subfield code="a">GBV-deGruyter-PDA5EBK</subfield>
		</datafield>
	</record>