
	<record xmlns="http://www.loc.gov/MARC21/slim">
		<leader>03336nam a22005295i 4500</leader>
		<controlfield tag="001">9783111427690</controlfield>
		<controlfield tag="003">DE-B1597</controlfield>
		<controlfield tag="005">20180327123002.0</controlfield>
		<controlfield tag="006">m|||||o||d||||||||</controlfield>
		<controlfield tag="007">cr || ||||||||</controlfield>
		<controlfield tag="008">180327s2018    gw     fo  d z      ger d</controlfield>
		<datafield tag="020" ind1=" " ind2=" ">
			<subfield code="a">9783111427690</subfield>
		</datafield>
		<datafield tag="024" ind1="7" ind2=" ">
			<subfield code="a">10.1515/9783111427690</subfield>
			<subfield code="2">doi</subfield>
		</datafield>
		<datafield tag="035" ind1=" " ind2=" ">
			<subfield code="a">(DE-B1597)76401</subfield>
		</datafield>
		<datafield tag="040" ind1=" " ind2=" ">
			<subfield code="a">DE-B1597</subfield>
			<subfield code="b">eng</subfield>
			<subfield code="c">DE-B1597</subfield>
			<subfield code="e">rda</subfield>
		</datafield>
		<datafield tag="041" ind1="0" ind2=" ">
			<subfield code="a">ger</subfield>
		</datafield>
		<datafield tag="044" ind1=" " ind2=" ">
			<subfield code="a">gw</subfield>
			<subfield code="c">DE</subfield>
		</datafield>
		<datafield tag="072" ind1=" " ind2="7">
			<subfield code="a">LAW000000</subfield>
			<subfield code="2">bisacsh</subfield>
		</datafield>
		<datafield tag="245" ind1="0" ind2="0">
			<subfield code="a">Allgemeine Gerichtsordnung für die Preussischen Staaten :</subfield>
			<subfield code="b">In Verbindung mit den dieselbe ergänzenden, abändernden und erläuternden Gesetzen, Königlichen Verordnungen und Justiz-Ministerial-Rescripten. </subfield>
			<subfield code="n">Band 3, </subfield>
			<subfield code="p">Theil I. Titel 35–52 /</subfield>
			<subfield code="c">A. J. Mannkopff.</subfield>
		</datafield>
		<datafield tag="250" ind1=" " ind2=" ">
			<subfield code="a">Reprint 2018</subfield>
		</datafield>
		<datafield tag="264" ind1=" " ind2="1">
			<subfield code="a">Berlin ;Boston : </subfield>
			<subfield code="b">De Gruyter, </subfield>
			<subfield code="c">[2018]</subfield>
		</datafield>
		<datafield tag="264" ind1=" " ind2="4">
			<subfield code="c">©1838</subfield>
		</datafield>
		<datafield tag="300" ind1=" " ind2=" ">
			<subfield code="a">1 online resource </subfield>
		</datafield>
		<datafield tag="336" ind1=" " ind2=" ">
			<subfield code="a">text</subfield>
			<subfield code="b">txt</subfield>
			<subfield code="2">rdacontent</subfield>
		</datafield>
		<datafield tag="337" ind1=" " ind2=" ">
			<subfield code="a">computer</subfield>
			<subfield code="b">c</subfield>
			<subfield code="2">rdamedia</subfield>
		</datafield>
		<datafield tag="338" ind1=" " ind2=" ">
			<subfield code="a">online resource</subfield>
			<subfield code="b">cr</subfield>
			<subfield code="2">rdacarrier</subfield>
		</datafield>
		<datafield tag="347" ind1=" " ind2=" ">
			<subfield code="a">text file</subfield>
			<subfield code="b">PDF</subfield>
			<subfield code="2">rda</subfield>
		</datafield>
		<datafield tag="490" ind1="0" ind2=" ">
			<subfield code="a">Allgemeine Gerichtsordnung für die Preussischen Staaten ;</subfield>
			<subfield code="v">Band 3</subfield>
		</datafield>
		<datafield tag="505" ind1="0" ind2="0">
			<subfield code="t">Frontmatter -- </subfield>
			<subfield code="t">Fünf und dreissigster Titel. Von fiskalischen Prozessen und Untersuchungen -- </subfield>
			<subfield code="t">Sechs und dreissigster Titel. Von dem Verfahren gegen ausgetretene Vasallen und Unterthanen -- </subfield>
			<subfield code="t">Sieben und dreißigster Titel. Vom Verfahren gegen Verschollene -- </subfield>
			<subfield code="t">Acht und dreissigster Titel. Von dem Verfahren bei der Erklärung eines Menschen für einen Blödsinnigen oder Verschwender -- </subfield>
			<subfield code="t">Neun und dreissigster Titel. Von vormundschaftlichen Prozessen -- </subfield>
			<subfield code="t">Vierzigster Titel. Vom Verfahren in Sponsalien- und Ehesachen -- </subfield>
			<subfield code="t">Ein und vierzigster Titel. Von Unterthanen-Prozessen -- </subfield>
			<subfield code="t">Zwei und vierzigster Titel. Von Grenz- und Bausachen -- </subfield>
			<subfield code="t">Drei und vierzigster Titel. Von dem Verfahren bei Auseinandersetzung der Gemein- Leiten -- </subfield>
			<subfield code="t">Vier und vierzigster Titel. Vom Verfahren in Pacht- und Miethssachen -- </subfield>
			<subfield code="t">Fünf und Vierzigster Titel. Von Rechnungssachen -- </subfield>
			<subfield code="t">Sechs und vierzigster Titel. Von Erbsonderungen und Auseinandersetzungen -- </subfield>
			<subfield code="t">Sieben und vierzigster Titel. Vom Verfahren in Moratoriensachen -- </subfield>
			<subfield code="t">Acht und vierzigster Titel. Vom Verfahren bei der Cessione bonorum -- </subfield>
			<subfield code="t">Neun und vierzigster Titel. Von Behandlung der Gläubiger, und von der Rechtswohlthat der Kompetenz -- </subfield>
			<subfield code="t">Fünfzigster Titel. Von Konkursen, und wie dabei zu verfahren -- </subfield>
			<subfield code="t">Ein und Fünfzigster Titel. Von Liquidationsprozessen und Aufbietungen -- </subfield>
			<subfield code="t">Zwei und Fünfzigster Titel. Vom Subhastations - Prozesse</subfield>
		</datafield>
		<datafield tag="538" ind1=" " ind2=" ">
			<subfield code="a">Mode of access: Internet via World Wide Web.</subfield>
		</datafield>
		<datafield tag="546" ind1=" " ind2=" ">
			<subfield code="a">In German.</subfield>
		</datafield>
		<datafield tag="588" ind1="0" ind2=" ">
			<subfield code="a">Description based on online resource; title from PDF title page (publisher's Web site, viewed 27. Mrz 2018)</subfield>
		</datafield>
		<datafield tag="700" ind1="1" ind2=" ">
			<subfield code="a">Mannkopff, A. J., </subfield>
			<subfield code="e">editor.</subfield>
		</datafield>
		<datafield tag="776" ind1="0" ind2=" ">
			<subfield code="c">print</subfield>
			<subfield code="z">9783111062723</subfield>
		</datafield>
		<datafield tag="856" ind1="4" ind2="0">
			<subfield code="u">https://doi.org/10.1515/9783111427690</subfield>
		</datafield>
		<datafield tag="856" ind1="4" ind2="2">
			<subfield code="3">Cover</subfield>
			<subfield code="u">https://www.degruyter.com/doc/cover/9783111427690.jpg</subfield>
		</datafield>
		<datafield tag="912" ind1=" " ind2=" ">
			<subfield code="a">GBV-deGruyter-alles</subfield>
		</datafield>
		<datafield tag="912" ind1=" " ind2=" ">
			<subfield code="a">GBV-deGruyter-PDA11SSHE</subfield>
		</datafield>
		<datafield tag="912" ind1=" " ind2=" ">
			<subfield code="a">GBV-deGruyter-PDA12STME</subfield>
		</datafield>
		<datafield tag="912" ind1=" " ind2=" ">
			<subfield code="a">GBV-deGruyter-PDA14ALL</subfield>
		</datafield>
		<datafield tag="912" ind1=" " ind2=" ">
			<subfield code="a">GBV-deGruyter-PDA15STM</subfield>
		</datafield>
		<datafield tag="912" ind1=" " ind2=" ">
			<subfield code="a">GBV-deGruyter-PDA16SSH</subfield>
		</datafield>
		<datafield tag="912" ind1=" " ind2=" ">
			<subfield code="a">GBV-deGruyter-PDA1ALL</subfield>
		</datafield>
		<datafield tag="912" ind1=" " ind2=" ">
			<subfield code="a">GBV-deGruyter-PDA2</subfield>
		</datafield>
		<datafield tag="912" ind1=" " ind2=" ">
			<subfield code="a">GBV-deGruyter-PDA2HUM</subfield>
		</datafield>
		<datafield tag="912" ind1=" " ind2=" ">
			<subfield code="a">GBV-deGruyter-PDA3STM</subfield>
		</datafield>
		<datafield tag="912" ind1=" " ind2=" ">
			<subfield code="a">GBV-deGruyter-PDA5EBK</subfield>
		</datafield>
	</record>