
	<record xmlns="http://www.loc.gov/MARC21/slim">
		<leader>03359nam a22005655i 4500</leader>
		<controlfield tag="001">9783111495552</controlfield>
		<controlfield tag="003">DE-B1597</controlfield>
		<controlfield tag="005">20180327123002.0</controlfield>
		<controlfield tag="006">m|||||o||d||||||||</controlfield>
		<controlfield tag="007">cr || ||||||||</controlfield>
		<controlfield tag="008">180327s2018    gw     fo  d z      ger d</controlfield>
		<datafield tag="020" ind1=" " ind2=" ">
			<subfield code="a">9783111495552</subfield>
		</datafield>
		<datafield tag="024" ind1="7" ind2=" ">
			<subfield code="a">10.1515/9783111495552</subfield>
			<subfield code="2">doi</subfield>
		</datafield>
		<datafield tag="035" ind1=" " ind2=" ">
			<subfield code="a">(DE-B1597)103251</subfield>
		</datafield>
		<datafield tag="040" ind1=" " ind2=" ">
			<subfield code="a">DE-B1597</subfield>
			<subfield code="b">eng</subfield>
			<subfield code="c">DE-B1597</subfield>
			<subfield code="e">rda</subfield>
		</datafield>
		<datafield tag="041" ind1="0" ind2=" ">
			<subfield code="a">ger</subfield>
		</datafield>
		<datafield tag="044" ind1=" " ind2=" ">
			<subfield code="a">gw</subfield>
			<subfield code="c">DE</subfield>
		</datafield>
		<datafield tag="072" ind1=" " ind2="7">
			<subfield code="a">LAW000000</subfield>
			<subfield code="2">bisacsh</subfield>
		</datafield>
		<datafield tag="100" ind1="1" ind2=" ">
			<subfield code="a">Marcinowski, F.,</subfield>
			<subfield code="e">author.</subfield>
		</datafield>
		<datafield tag="245" ind1="1" ind2="4">
			<subfield code="a">Die Deutsche Gewerbe-Ordnung für die Praxis in der Preußischen Monarchie :</subfield>
			<subfield code="b">Mit Kommentar und einem Anhange enthaltend die Gesetze zur Ergänzung der Gewerbe-Ordnung ..., sowie die Preussischen Gewerbesteuergesetze und das Gesetz betreffend die Einführung der Gewerbe-Ordnung in Elsass-Lothringen /</subfield>
			<subfield code="c">F. Marcinowski.</subfield>
		</datafield>
		<datafield tag="250" ind1=" " ind2=" ">
			<subfield code="a">Vervollst. Ausg. der 6. Aufl. Reprint 2018</subfield>
		</datafield>
		<datafield tag="264" ind1=" " ind2="1">
			<subfield code="a">Berlin ;Boston : </subfield>
			<subfield code="b">De Gruyter, </subfield>
			<subfield code="c">[2018]</subfield>
		</datafield>
		<datafield tag="264" ind1=" " ind2="4">
			<subfield code="c">©1898</subfield>
		</datafield>
		<datafield tag="300" ind1=" " ind2=" ">
			<subfield code="a">1 online resource (903 p.)</subfield>
		</datafield>
		<datafield tag="336" ind1=" " ind2=" ">
			<subfield code="a">text</subfield>
			<subfield code="b">txt</subfield>
			<subfield code="2">rdacontent</subfield>
		</datafield>
		<datafield tag="337" ind1=" " ind2=" ">
			<subfield code="a">computer</subfield>
			<subfield code="b">c</subfield>
			<subfield code="2">rdamedia</subfield>
		</datafield>
		<datafield tag="338" ind1=" " ind2=" ">
			<subfield code="a">online resource</subfield>
			<subfield code="b">cr</subfield>
			<subfield code="2">rdacarrier</subfield>
		</datafield>
		<datafield tag="347" ind1=" " ind2=" ">
			<subfield code="a">text file</subfield>
			<subfield code="b">PDF</subfield>
			<subfield code="2">rda</subfield>
		</datafield>
		<datafield tag="505" ind1="0" ind2="0">
			<subfield code="t">Frontmatter -- </subfield>
			<subfield code="t">Vorrede zur sechsten Auflage -- </subfield>
			<subfield code="t">Inhalt -- </subfield>
			<subfield code="t">Einleitung -- </subfield>
			<subfield code="t">Chronologisches Inhaltsverzeichnis -- </subfield>
			<subfield code="t">Titel I. Allgemeine Bestimmungen -- </subfield>
			<subfield code="t">Titel II. Stehender Gewerbebetrieb -- </subfield>
			<subfield code="t">Titel III. Gewerbebetrieb im Umherziehen -- </subfield>
			<subfield code="t">Titel IV. Marktverkehr -- </subfield>
			<subfield code="t">Titel V. Zaren -- </subfield>
			<subfield code="t">Titel VI. Innungen von Gewerbetreibenden -- </subfield>
			<subfield code="t">Titel VII. Gewerbliche Arbeiter (Gesellen, Gehülfen, Lehrlinge, Betriebsbeamte, Werkmeister, Techniker, Fabrikarbeiter). -- </subfield>
			<subfield code="t">Titel VIII. Gewerbliche Hülfskassen -- </subfield>
			<subfield code="t">Titel IX. Statutarische Bestimmungen -- </subfield>
			<subfield code="t">Titel X. Strafbestimmungen -- </subfield>
			<subfield code="t">Anhang. Reichs-, Landes-Gesetze, Verordnungen und Bekanntmachungen zur Ergänzung der Gewerbe-Ordnung -- </subfield>
			<subfield code="t">I. Reichs-, Landes-Gesetze, Verordnungen und Bekanntmachungen zur Ergänzung der Gewerbe-Ordnung -- </subfield>
			<subfield code="t">1-19 -- </subfield>
			<subfield code="t">20–38 -- </subfield>
			<subfield code="t">II. Reichsgesetz betreffend die Abänderung der Gewerbe- Ordnung vom 26. Juli 1897 -- </subfield>
			<subfield code="t">III. Das Reichsgesetz zur Bekämpfung des unlauteren Wettbewerbes vom 27. Mai 1896 -- </subfield>
			<subfield code="t">IV. Die Preußischen Gesetze, betreffend die Besteuerung der stehenden Gewerbe und des Gewerbebetriebes im Umherziehen -- </subfield>
			<subfield code="t">V. Gesetz, betreffend die Einführung der Gewerbe-Ordnung in Elsatz-Lothringen vom 27. Februar 1888 -- </subfield>
			<subfield code="t">Alphabetisches Sachregister -- </subfield>
			<subfield code="t">Erklärung -er Abkürzungen</subfield>
		</datafield>
		<datafield tag="538" ind1=" " ind2=" ">
			<subfield code="a">Mode of access: Internet via World Wide Web.</subfield>
		</datafield>
		<datafield tag="546" ind1=" " ind2=" ">
			<subfield code="a">In German.</subfield>
		</datafield>
		<datafield tag="588" ind1="0" ind2=" ">
			<subfield code="a">Description based on online resource; title from PDF title page (publisher's Web site, viewed 27. Mrz 2018)</subfield>
		</datafield>
		<datafield tag="650" ind1=" " ind2="4">
			<subfield code="a">Deutsches Sprachgebiet.</subfield>
		</datafield>
		<datafield tag="650" ind1=" " ind2="4">
			<subfield code="a">Gewerberecht.</subfield>
		</datafield>
		<datafield tag="650" ind1=" " ind2="4">
			<subfield code="a">Privatrecht.</subfield>
		</datafield>
		<datafield tag="650" ind1=" " ind2="4">
			<subfield code="a">Recht.</subfield>
		</datafield>
		<datafield tag="776" ind1="0" ind2=" ">
			<subfield code="c">print</subfield>
			<subfield code="z">9783111129334</subfield>
		</datafield>
		<datafield tag="856" ind1="4" ind2="0">
			<subfield code="u">https://doi.org/10.1515/9783111495552</subfield>
		</datafield>
		<datafield tag="856" ind1="4" ind2="2">
			<subfield code="3">Cover</subfield>
			<subfield code="u">https://www.degruyter.com/doc/cover/9783111495552.jpg</subfield>
		</datafield>
		<datafield tag="912" ind1=" " ind2=" ">
			<subfield code="a">GBV-deGruyter-alles</subfield>
		</datafield>
		<datafield tag="912" ind1=" " ind2=" ">
			<subfield code="a">GBV-deGruyter-PDA11SSHE</subfield>
		</datafield>
		<datafield tag="912" ind1=" " ind2=" ">
			<subfield code="a">GBV-deGruyter-PDA12STME</subfield>
		</datafield>
		<datafield tag="912" ind1=" " ind2=" ">
			<subfield code="a">GBV-deGruyter-PDA14ALL</subfield>
		</datafield>
		<datafield tag="912" ind1=" " ind2=" ">
			<subfield code="a">GBV-deGruyter-PDA15STM</subfield>
		</datafield>
		<datafield tag="912" ind1=" " ind2=" ">
			<subfield code="a">GBV-deGruyter-PDA16SSH</subfield>
		</datafield>
		<datafield tag="912" ind1=" " ind2=" ">
			<subfield code="a">GBV-deGruyter-PDA1ALL</subfield>
		</datafield>
		<datafield tag="912" ind1=" " ind2=" ">
			<subfield code="a">GBV-deGruyter-PDA2</subfield>
		</datafield>
		<datafield tag="912" ind1=" " ind2=" ">
			<subfield code="a">GBV-deGruyter-PDA2HUM</subfield>
		</datafield>
		<datafield tag="912" ind1=" " ind2=" ">
			<subfield code="a">GBV-deGruyter-PDA3STM</subfield>
		</datafield>
		<datafield tag="912" ind1=" " ind2=" ">
			<subfield code="a">GBV-deGruyter-PDA5EBK</subfield>
		</datafield>
	</record>