
	<record xmlns="http://www.loc.gov/MARC21/slim">
		<leader>03420nam a22005415i 4500</leader>
		<controlfield tag="001">9783111497846</controlfield>
		<controlfield tag="003">DE-B1597</controlfield>
		<controlfield tag="005">20180327123002.0</controlfield>
		<controlfield tag="006">m|||||o||d||||||||</controlfield>
		<controlfield tag="007">cr || ||||||||</controlfield>
		<controlfield tag="008">180327s2018    gw     fo  d z      ger d</controlfield>
		<datafield tag="020" ind1=" " ind2=" ">
			<subfield code="a">9783111497846</subfield>
		</datafield>
		<datafield tag="024" ind1="7" ind2=" ">
			<subfield code="a">10.1515/9783111497846</subfield>
			<subfield code="2">doi</subfield>
		</datafield>
		<datafield tag="035" ind1=" " ind2=" ">
			<subfield code="a">(DE-B1597)75627</subfield>
		</datafield>
		<datafield tag="040" ind1=" " ind2=" ">
			<subfield code="a">DE-B1597</subfield>
			<subfield code="b">eng</subfield>
			<subfield code="c">DE-B1597</subfield>
			<subfield code="e">rda</subfield>
		</datafield>
		<datafield tag="041" ind1="0" ind2=" ">
			<subfield code="a">ger</subfield>
		</datafield>
		<datafield tag="044" ind1=" " ind2=" ">
			<subfield code="a">gw</subfield>
			<subfield code="c">DE</subfield>
		</datafield>
		<datafield tag="072" ind1=" " ind2="7">
			<subfield code="a">REL000000</subfield>
			<subfield code="2">bisacsh</subfield>
		</datafield>
		<datafield tag="072" ind1=" " ind2="7">
			<subfield code="a">REL102000</subfield>
			<subfield code="2">bisacsh</subfield>
		</datafield>
		<datafield tag="100" ind1="1" ind2=" ">
			<subfield code="a">Meier, Fr. Karl,</subfield>
			<subfield code="e">author.</subfield>
		</datafield>
		<datafield tag="245" ind1="1" ind2="0">
			<subfield code="a">Girolamo Savonarola /</subfield>
			<subfield code="c">Fr. Karl Meier.</subfield>
		</datafield>
		<datafield tag="250" ind1=" " ind2=" ">
			<subfield code="a">Aus großen Theils handschriftlichen Quellen dargestellt von Fr. Karl Meier, außerordentlichem Professor der Theologie zu Jena. Reprint 2018</subfield>
		</datafield>
		<datafield tag="264" ind1=" " ind2="1">
			<subfield code="a">Berlin ;Boston : </subfield>
			<subfield code="b">De Gruyter, </subfield>
			<subfield code="c">[2018]</subfield>
		</datafield>
		<datafield tag="264" ind1=" " ind2="4">
			<subfield code="c">©1836</subfield>
		</datafield>
		<datafield tag="300" ind1=" " ind2=" ">
			<subfield code="a">1 online resource (415 p.):</subfield>
			<subfield code="b">1 Frontispiz, 1 Faks.</subfield>
		</datafield>
		<datafield tag="336" ind1=" " ind2=" ">
			<subfield code="a">text</subfield>
			<subfield code="b">txt</subfield>
			<subfield code="2">rdacontent</subfield>
		</datafield>
		<datafield tag="337" ind1=" " ind2=" ">
			<subfield code="a">computer</subfield>
			<subfield code="b">c</subfield>
			<subfield code="2">rdamedia</subfield>
		</datafield>
		<datafield tag="338" ind1=" " ind2=" ">
			<subfield code="a">online resource</subfield>
			<subfield code="b">cr</subfield>
			<subfield code="2">rdacarrier</subfield>
		</datafield>
		<datafield tag="347" ind1=" " ind2=" ">
			<subfield code="a">text file</subfield>
			<subfield code="b">PDF</subfield>
			<subfield code="2">rda</subfield>
		</datafield>
		<datafield tag="505" ind1="0" ind2="0">
			<subfield code="t">Frontmatter -- </subfield>
			<subfield code="t">Vorwort -- </subfield>
			<subfield code="t">Verzeichniß -- </subfield>
			<subfield code="t">Übersicht des Inhalts -- </subfield>
			<subfield code="t">Erster Theil. Das Leben Savonarola's -- </subfield>
			<subfield code="t">Einleitung -- </subfield>
			<subfield code="t">Erstes Kapitel. Jugend und frühere Bildung Savonarola's. Eintritt ins Mofter, bis ;u feinem zweiten Auftreten in Floren -- </subfield>
			<subfield code="t">Zweites Kapitel. Überblick des wissenschaftlichen und politischen Lebens in Floren; unter den Mediceern -- </subfield>
			<subfield code="t">Drittes Kapitel. Von der Berufung Savonarola's nach Florenz bis M Ankunft König Karls VIII. von Frankreich in Italien -- </subfield>
			<subfield code="t">Viertes Kapitel. Von der Vertreibung der Mediceer aus Florenz und der VliederherÜellung der Republik bis zum Abzuge Karls VIII. aus Italien -- </subfield>
			<subfield code="t">Fünftes Kapitel. Abzug Karls VIII. aus Italien. (Erste Vorladung Savonarola's nach Rom, bis zur Wiedervereinigung feines Klosters mit der Lombardischen Congregation -- </subfield>
			<subfield code="t">Sechstes Kapitel. Ankunft Laiter Marimilian's in Italien. Steigender Unwille des Pabftes, bis zum Schlufte der Predigt Savonarola's -- </subfield>
			<subfield code="t">Siebentes Kapitel, Savouarola's letzte Schicksale und Tod. -- </subfield>
			<subfield code="t">Zweiter Theil. Die Theologie Savorrarola's -- </subfield>
			<subfield code="t">Einleitung -- </subfield>
			<subfield code="t">Prolegomena -- </subfield>
			<subfield code="t">I. Religion und Christenthum -- </subfield>
			<subfield code="t">II. Vernunft und Offenbarung, Philosophie und Theologie -- </subfield>
			<subfield code="t">Erster Abschnitt. Von der heiligen Schritt und deren Auslegung -- </subfield>
			<subfield code="t">Zweiter Abschnitt. Von Gott und keinem Verhältniße Melt -- </subfield>
			<subfield code="t">Dritt'er Abschnitt. Dorn Menschen in keinem Verhältnisse zu Gott -- </subfield>
			<subfield code="t">Vierter Abschnitt. Hon der Kirche und den Sakramenten -- </subfield>
			<subfield code="t">Fünfter Abschnitt. Don den letzten Dingen -- </subfield>
			<subfield code="t">Schluß. Stimmen über Savonarola -- </subfield>
			<subfield code="t">Beilagen -- </subfield>
			<subfield code="t">Druckfehler</subfield>
		</datafield>
		<datafield tag="538" ind1=" " ind2=" ">
			<subfield code="a">Mode of access: Internet via World Wide Web.</subfield>
		</datafield>
		<datafield tag="546" ind1=" " ind2=" ">
			<subfield code="a">In German.</subfield>
		</datafield>
		<datafield tag="588" ind1="0" ind2=" ">
			<subfield code="a">Description based on online resource; title from PDF title page (publisher's Web site, viewed 27. Mrz 2018)</subfield>
		</datafield>
		<datafield tag="650" ind1=" " ind2="4">
			<subfield code="a">Kirchengeschichte.</subfield>
		</datafield>
		<datafield tag="650" ind1=" " ind2="4">
			<subfield code="a">Mystiker.</subfield>
		</datafield>
		<datafield tag="650" ind1=" " ind2="4">
			<subfield code="a">Savonarola, Girolamo *1452-1498*.</subfield>
		</datafield>
		<datafield tag="650" ind1=" " ind2="4">
			<subfield code="a">Theologie.</subfield>
		</datafield>
		<datafield tag="776" ind1="0" ind2=" ">
			<subfield code="c">print</subfield>
			<subfield code="z">9783111131672</subfield>
		</datafield>
		<datafield tag="856" ind1="4" ind2="0">
			<subfield code="u">https://doi.org/10.1515/9783111497846</subfield>
		</datafield>
		<datafield tag="856" ind1="4" ind2="2">
			<subfield code="3">Cover</subfield>
			<subfield code="u">https://www.degruyter.com/doc/cover/9783111497846.jpg</subfield>
		</datafield>
		<datafield tag="912" ind1=" " ind2=" ">
			<subfield code="a">GBV-deGruyter-alles</subfield>
		</datafield>
		<datafield tag="912" ind1=" " ind2=" ">
			<subfield code="a">GBV-deGruyter-PDA11SSHE</subfield>
		</datafield>
		<datafield tag="912" ind1=" " ind2=" ">
			<subfield code="a">GBV-deGruyter-PDA14ALL</subfield>
		</datafield>
		<datafield tag="912" ind1=" " ind2=" ">
			<subfield code="a">GBV-deGruyter-PDA16SSH</subfield>
		</datafield>
		<datafield tag="912" ind1=" " ind2=" ">
			<subfield code="a">GBV-deGruyter-PDA1ALL</subfield>
		</datafield>
		<datafield tag="912" ind1=" " ind2=" ">
			<subfield code="a">GBV-deGruyter-PDA2</subfield>
		</datafield>
		<datafield tag="912" ind1=" " ind2=" ">
			<subfield code="a">GBV-deGruyter-PDA2HUM</subfield>
		</datafield>
		<datafield tag="912" ind1=" " ind2=" ">
			<subfield code="a">GBV-deGruyter-PDA5EBK</subfield>
		</datafield>
	</record>