
	<record xmlns="http://www.loc.gov/MARC21/slim">
		<leader>03689nam a22004935i 4500</leader>
		<controlfield tag="001">9783111502830</controlfield>
		<controlfield tag="003">DE-B1597</controlfield>
		<controlfield tag="005">20180327123002.0</controlfield>
		<controlfield tag="006">m|||||o||d||||||||</controlfield>
		<controlfield tag="007">cr || ||||||||</controlfield>
		<controlfield tag="008">180327s2018    gw     fo  d z      ger d</controlfield>
		<datafield tag="020" ind1=" " ind2=" ">
			<subfield code="a">9783111502830</subfield>
		</datafield>
		<datafield tag="024" ind1="7" ind2=" ">
			<subfield code="a">10.1515/9783111502830</subfield>
			<subfield code="2">doi</subfield>
		</datafield>
		<datafield tag="035" ind1=" " ind2=" ">
			<subfield code="a">(DE-B1597)92205</subfield>
		</datafield>
		<datafield tag="040" ind1=" " ind2=" ">
			<subfield code="a">DE-B1597</subfield>
			<subfield code="b">eng</subfield>
			<subfield code="c">DE-B1597</subfield>
			<subfield code="e">rda</subfield>
		</datafield>
		<datafield tag="041" ind1="0" ind2=" ">
			<subfield code="a">ger</subfield>
		</datafield>
		<datafield tag="044" ind1=" " ind2=" ">
			<subfield code="a">gw</subfield>
			<subfield code="c">DE</subfield>
		</datafield>
		<datafield tag="072" ind1=" " ind2="7">
			<subfield code="a">MED000000</subfield>
			<subfield code="2">bisacsh</subfield>
		</datafield>
		<datafield tag="072" ind1=" " ind2="7">
			<subfield code="a">MED014000</subfield>
			<subfield code="2">bisacsh</subfield>
		</datafield>
		<datafield tag="100" ind1="1" ind2=" ">
			<subfield code="a">Leupoldt, Joh. Mich.,</subfield>
			<subfield code="e">author.</subfield>
		</datafield>
		<datafield tag="245" ind1="1" ind2="0">
			<subfield code="a">Grundzüge einer Propädeutik zum Studium der Heilkunde /</subfield>
			<subfield code="c">Joh. Mich. Leupoldt.</subfield>
		</datafield>
		<datafield tag="250" ind1=" " ind2=" ">
			<subfield code="a">Reprint 2018</subfield>
		</datafield>
		<datafield tag="264" ind1=" " ind2="1">
			<subfield code="a">Berlin ;Boston : </subfield>
			<subfield code="b">De Gruyter, </subfield>
			<subfield code="c">[2018]</subfield>
		</datafield>
		<datafield tag="264" ind1=" " ind2="4">
			<subfield code="c">©1826</subfield>
		</datafield>
		<datafield tag="300" ind1=" " ind2=" ">
			<subfield code="a">1 online resource (176 p.)</subfield>
		</datafield>
		<datafield tag="336" ind1=" " ind2=" ">
			<subfield code="a">text</subfield>
			<subfield code="b">txt</subfield>
			<subfield code="2">rdacontent</subfield>
		</datafield>
		<datafield tag="337" ind1=" " ind2=" ">
			<subfield code="a">computer</subfield>
			<subfield code="b">c</subfield>
			<subfield code="2">rdamedia</subfield>
		</datafield>
		<datafield tag="338" ind1=" " ind2=" ">
			<subfield code="a">online resource</subfield>
			<subfield code="b">cr</subfield>
			<subfield code="2">rdacarrier</subfield>
		</datafield>
		<datafield tag="347" ind1=" " ind2=" ">
			<subfield code="a">text file</subfield>
			<subfield code="b">PDF</subfield>
			<subfield code="2">rda</subfield>
		</datafield>
		<datafield tag="505" ind1="0" ind2="0">
			<subfield code="t">Frontmatter -- </subfield>
			<subfield code="t">Vorrede -- </subfield>
			<subfield code="t">Uebersicht des Inhalts -- </subfield>
			<subfield code="t">Einleitung. Ueber Begriff und Zweck der Propädeutik zum Studium der Heilkunde. -- </subfield>
			<subfield code="t">Erstes Buch. Kritik der Heilkunde und des ärztlichen Berufs an sich und im Verhältnisse zu anderen Wissenschaften und Berufsarten, so wie der wesentlichen Erfordernisse zum Arzt werden -- </subfield>
			<subfield code="t">Erstes Kapitel. Begriff und Wesen der Heilkunde -- </subfield>
			<subfield code="t">Zweites Kapitel. Ueber die Eigenartigkeit des ärztlichen Wissens, Forschens und Wirkens sowohl an sich, als im Verhältnisse zu Wissenschaft, Kunst und Religion überhaupt und zu anderen Wissenschaften, Berufsarten und menschlichen Interessen insbesondere -- </subfield>
			<subfield code="t">Drittes Kapitel. Von den zu»n Arztwerden vorzüglich nothwendigen persönlichen Eigenschaften -- </subfield>
			<subfield code="t">Zweites Buch. Encyklopädie der Heilkunde -- </subfield>
			<subfield code="t">Erstes Kapitel. Lehrfächer, aus denen die Heilkunde an und für sich besteht und sofern sie sich vorzugsweise auf den Menschen, als Gegenstand der Erkenntniß und Behandlung, bezieht -- </subfield>
			<subfield code="t">Zweites Kapitel. Lehrfäcker, welche durch vorzugsweise Beziehung der Heilkunde auf das Thierleben bedingt sind -- </subfield>
			<subfield code="t">Drittes Kapitel. Lehrfächer, welche durch unmittelbare Beziehung der Heilkunde auf den Staat überhaupt und auf gewisse allgemeine Staatszwecke insbesondere entstehen -- </subfield>
			<subfield code="t">Viertes Kapitel. Lehrfächer, die dadurch zu Stande kommen, daß das gesammte ärztliche Wesen selbst zum Gegenstände der Geschichte gemacht wird -- </subfield>
			<subfield code="t">Drittes Buch. Methodologie des Studiums der Heilkunde -- </subfield>
			<subfield code="t">Erstes Kapitel. Die wesentlichsten allgemeineren Regeln in Bezug auf das Studium der Heilkunde überhaupt -- </subfield>
			<subfield code="t">Zweites Kapitel. Specielle Zeitordnung für das Studium sowohl der hauptsächlichsten Vorbereitungs- und Hulfswissenschaften der Heilkunde, als auch der medizinischen Disciplinen selbst – und für die Ausübung der erworbenen Kenntnisse, soweit beides an medizinischen Lehranstalten füglich geschieht -- </subfield>
			<subfield code="t">Drittes Kapitel. Benützung des der Grundbildung an medizinischen Unterrichtsanstalten folgenden Biennii practici -- </subfield>
			<subfield code="t">Anhang. Auswahl aus der Literatur der Propädeutik zum Studium der Heilkunde</subfield>
		</datafield>
		<datafield tag="538" ind1=" " ind2=" ">
			<subfield code="a">Mode of access: Internet via World Wide Web.</subfield>
		</datafield>
		<datafield tag="546" ind1=" " ind2=" ">
			<subfield code="a">In German.</subfield>
		</datafield>
		<datafield tag="588" ind1="0" ind2=" ">
			<subfield code="a">Description based on online resource; title from PDF title page (publisher's Web site, viewed 27. Mrz 2018)</subfield>
		</datafield>
		<datafield tag="650" ind1=" " ind2="4">
			<subfield code="a">Medizin.</subfield>
		</datafield>
		<datafield tag="776" ind1="0" ind2=" ">
			<subfield code="c">print</subfield>
			<subfield code="z">9783111136332</subfield>
		</datafield>
		<datafield tag="856" ind1="4" ind2="0">
			<subfield code="u">https://doi.org/10.1515/9783111502830</subfield>
		</datafield>
		<datafield tag="856" ind1="4" ind2="2">
			<subfield code="3">Cover</subfield>
			<subfield code="u">https://www.degruyter.com/doc/cover/9783111502830.jpg</subfield>
		</datafield>
		<datafield tag="912" ind1=" " ind2=" ">
			<subfield code="a">GBV-deGruyter-alles</subfield>
		</datafield>
		<datafield tag="912" ind1=" " ind2=" ">
			<subfield code="a">GBV-deGruyter-PDA12STME</subfield>
		</datafield>
		<datafield tag="912" ind1=" " ind2=" ">
			<subfield code="a">GBV-deGruyter-PDA14ALL</subfield>
		</datafield>
		<datafield tag="912" ind1=" " ind2=" ">
			<subfield code="a">GBV-deGruyter-PDA15STM</subfield>
		</datafield>
		<datafield tag="912" ind1=" " ind2=" ">
			<subfield code="a">GBV-deGruyter-PDA1ALL</subfield>
		</datafield>
		<datafield tag="912" ind1=" " ind2=" ">
			<subfield code="a">GBV-deGruyter-PDA3STM</subfield>
		</datafield>
		<datafield tag="912" ind1=" " ind2=" ">
			<subfield code="a">GBV-deGruyter-PDA5EBK</subfield>
		</datafield>
	</record>