
	<record xmlns="http://www.loc.gov/MARC21/slim">
		<leader>02658nam a22004815i 4500</leader>
		<controlfield tag="001">9783111536347</controlfield>
		<controlfield tag="003">DE-B1597</controlfield>
		<controlfield tag="005">20180327123002.0</controlfield>
		<controlfield tag="006">m|||||o||d||||||||</controlfield>
		<controlfield tag="007">cr || ||||||||</controlfield>
		<controlfield tag="008">180327s2018    gw     fo  d z      ger d</controlfield>
		<datafield tag="020" ind1=" " ind2=" ">
			<subfield code="a">9783111536347</subfield>
		</datafield>
		<datafield tag="024" ind1="7" ind2=" ">
			<subfield code="a">10.1515/9783111536347</subfield>
			<subfield code="2">doi</subfield>
		</datafield>
		<datafield tag="035" ind1=" " ind2=" ">
			<subfield code="a">(DE-B1597)77231</subfield>
		</datafield>
		<datafield tag="040" ind1=" " ind2=" ">
			<subfield code="a">DE-B1597</subfield>
			<subfield code="b">eng</subfield>
			<subfield code="c">DE-B1597</subfield>
			<subfield code="e">rda</subfield>
		</datafield>
		<datafield tag="041" ind1="0" ind2=" ">
			<subfield code="a">ger</subfield>
		</datafield>
		<datafield tag="044" ind1=" " ind2=" ">
			<subfield code="a">gw</subfield>
			<subfield code="c">DE</subfield>
		</datafield>
		<datafield tag="072" ind1=" " ind2="7">
			<subfield code="a">LAW000000</subfield>
			<subfield code="2">bisacsh</subfield>
		</datafield>
		<datafield tag="100" ind1="1" ind2=" ">
			<subfield code="a">Marcinowski, Friedrich,</subfield>
			<subfield code="e">author.</subfield>
		</datafield>
		<datafield tag="245" ind1="1" ind2="4">
			<subfield code="a">Die deutsche Gewerbe-Ordnung für die Praxis in der preußischen Monarchie :</subfield>
			<subfield code="b">Mit Kommentar und einem Anhange /</subfield>
			<subfield code="c">Friedrich Marcinowski.</subfield>
		</datafield>
		<datafield tag="250" ind1=" " ind2=" ">
			<subfield code="a">3. Aufl. (Fassung des Reichsgesetzes vom 1. Juli 1883). Reprint 2018</subfield>
		</datafield>
		<datafield tag="264" ind1=" " ind2="1">
			<subfield code="a">Berlin ;Boston : </subfield>
			<subfield code="b">De Gruyter, </subfield>
			<subfield code="c">[2018]</subfield>
		</datafield>
		<datafield tag="264" ind1=" " ind2="4">
			<subfield code="c">©1884</subfield>
		</datafield>
		<datafield tag="300" ind1=" " ind2=" ">
			<subfield code="a">1 online resource (657 p.)</subfield>
		</datafield>
		<datafield tag="336" ind1=" " ind2=" ">
			<subfield code="a">text</subfield>
			<subfield code="b">txt</subfield>
			<subfield code="2">rdacontent</subfield>
		</datafield>
		<datafield tag="337" ind1=" " ind2=" ">
			<subfield code="a">computer</subfield>
			<subfield code="b">c</subfield>
			<subfield code="2">rdamedia</subfield>
		</datafield>
		<datafield tag="338" ind1=" " ind2=" ">
			<subfield code="a">online resource</subfield>
			<subfield code="b">cr</subfield>
			<subfield code="2">rdacarrier</subfield>
		</datafield>
		<datafield tag="347" ind1=" " ind2=" ">
			<subfield code="a">text file</subfield>
			<subfield code="b">PDF</subfield>
			<subfield code="2">rda</subfield>
		</datafield>
		<datafield tag="505" ind1="0" ind2="0">
			<subfield code="t">Frontmatter -- </subfield>
			<subfield code="t">Vorrede zur erste Auflagt -- </subfield>
			<subfield code="t">Vorrede zur dritten Auflage -- </subfield>
			<subfield code="t">Inhalt -- </subfield>
			<subfield code="t">Chronologiches Inhaltsverzeichniß -- </subfield>
			<subfield code="t">Einleitung -- </subfield>
			<subfield code="t">Gewerbeordnung vom 21. Juni 1869 -- </subfield>
			<subfield code="t">Titel I. Allgemeine Bestimmungen -- </subfield>
			<subfield code="t">Titel II. Stehender Gewerbebetrieb -- </subfield>
			<subfield code="t">Titel III. Gewerbebetrieb im Umherziehen -- </subfield>
			<subfield code="t">Titel IV. Marktverkehr -- </subfield>
			<subfield code="t">Titel V. Taren -- </subfield>
			<subfield code="t">Titel VI. Innungen von Gewerbetreibenden -- </subfield>
			<subfield code="t">Titel VII. Gewerbliche Arbeiter (Gesellen, Gehülfen, Lehrlinge, Fabrikarbeiter) -- </subfield>
			<subfield code="t">Titel VIII. Gewerbliche Hülfskaffen -- </subfield>
			<subfield code="t">Titel IX. Orts-Statuten -- </subfield>
			<subfield code="t">Titel X. Strafbestimmungen -- </subfield>
			<subfield code="t">Schlußbestimmungen -- </subfield>
			<subfield code="t">Anhang -- </subfield>
			<subfield code="t">I. Die Gesetze, betreffend den Gchus des Urheberrechts gewerblicher Leistungen -- </subfield>
			<subfield code="t">II. Die gesetzlichen Bestimmungen</subfield>
		</datafield>
		<datafield tag="506" ind1="0" ind2=" ">
			<subfield code="a">Open Access.</subfield>
		</datafield>
		<datafield tag="538" ind1=" " ind2=" ">
			<subfield code="a">Mode of access: Internet via World Wide Web.</subfield>
		</datafield>
		<datafield tag="540" ind1=" " ind2=" ">
			<subfield code="a">This eBook is made available Open Access. Unless otherwise specified individually in the content, the work is licensed under the Creative Commons Attribution-NonCommercial-NoDerivatives (CC BY-NC-ND) license: </subfield>
			<subfield code="u">https://creativecommons.org/licenses/by-nc-n</subfield>
		</datafield>
		<datafield tag="546" ind1=" " ind2=" ">
			<subfield code="a">In German.</subfield>
		</datafield>
		<datafield tag="588" ind1="0" ind2=" ">
			<subfield code="a">Description based on online resource; title from PDF title page (publisher's Web site, viewed 27. Mrz 2018)</subfield>
		</datafield>
		<datafield tag="650" ind1=" " ind2="4">
			<subfield code="a">Deutsches Sprachgebiet.</subfield>
		</datafield>
		<datafield tag="650" ind1=" " ind2="4">
			<subfield code="a">Gewerberecht.</subfield>
		</datafield>
		<datafield tag="650" ind1=" " ind2="4">
			<subfield code="a">Privatrecht.</subfield>
		</datafield>
		<datafield tag="776" ind1="0" ind2=" ">
			<subfield code="c">print</subfield>
			<subfield code="z">9783111168227</subfield>
		</datafield>
		<datafield tag="856" ind1="4" ind2="0">
			<subfield code="u">https://doi.org/10.1515/9783111536347</subfield>
			<subfield code="z">Open Access</subfield>
		</datafield>
		<datafield tag="856" ind1="4" ind2="2">
			<subfield code="3">Cover</subfield>
			<subfield code="u">https://www.degruyter.com/doc/cover/9783111536347.jpg</subfield>
		</datafield>
		<datafield tag="912" ind1=" " ind2=" ">
			<subfield code="a">GBV-deGruyter-alles</subfield>
		</datafield>
		<datafield tag="912" ind1=" " ind2=" ">
			<subfield code="a">GBV-deGruyter-OA</subfield>
		</datafield>
		<datafield tag="912" ind1=" " ind2=" ">
			<subfield code="a">ZDB-23-DGGOA</subfield>
		</datafield>
	</record>