
	<record xmlns="http://www.loc.gov/MARC21/slim">
		<leader>03189nam a22005295i 4500</leader>
		<controlfield tag="001">9783111571010</controlfield>
		<controlfield tag="003">DE-B1597</controlfield>
		<controlfield tag="005">20180327123002.0</controlfield>
		<controlfield tag="006">m|||||o||d||||||||</controlfield>
		<controlfield tag="007">cr || ||||||||</controlfield>
		<controlfield tag="008">180327s2018    gw     fo  d z      ger d</controlfield>
		<datafield tag="020" ind1=" " ind2=" ">
			<subfield code="a">9783111571010</subfield>
		</datafield>
		<datafield tag="024" ind1="7" ind2=" ">
			<subfield code="a">10.1515/9783111571010</subfield>
			<subfield code="2">doi</subfield>
		</datafield>
		<datafield tag="035" ind1=" " ind2=" ">
			<subfield code="a">(DE-B1597)76397</subfield>
		</datafield>
		<datafield tag="040" ind1=" " ind2=" ">
			<subfield code="a">DE-B1597</subfield>
			<subfield code="b">eng</subfield>
			<subfield code="c">DE-B1597</subfield>
			<subfield code="e">rda</subfield>
		</datafield>
		<datafield tag="041" ind1="0" ind2=" ">
			<subfield code="a">ger</subfield>
		</datafield>
		<datafield tag="044" ind1=" " ind2=" ">
			<subfield code="a">gw</subfield>
			<subfield code="c">DE</subfield>
		</datafield>
		<datafield tag="072" ind1=" " ind2="7">
			<subfield code="a">LAW000000</subfield>
			<subfield code="2">bisacsh</subfield>
		</datafield>
		<datafield tag="245" ind1="0" ind2="0">
			<subfield code="a">Allgemeine Gerichtsordnung für die Preussischen Staaten :</subfield>
			<subfield code="b">In Verbindung mit den dieselbe ergänzenden, abändernden und erläuternden Gesetzen, Königlichen Verordnungen und Justiz-Ministerial-Rescripten. </subfield>
			<subfield code="n">Band 1, </subfield>
			<subfield code="p">Theil I. Titel 1–13 /</subfield>
			<subfield code="c">A. J. Mannkopff.</subfield>
		</datafield>
		<datafield tag="250" ind1=" " ind2=" ">
			<subfield code="a">Reprint 2018</subfield>
		</datafield>
		<datafield tag="264" ind1=" " ind2="1">
			<subfield code="a">Berlin ;Boston : </subfield>
			<subfield code="b">De Gruyter, </subfield>
			<subfield code="c">[2018]</subfield>
		</datafield>
		<datafield tag="264" ind1=" " ind2="4">
			<subfield code="c">©1837</subfield>
		</datafield>
		<datafield tag="300" ind1=" " ind2=" ">
			<subfield code="a">1 online resource (582 p.)</subfield>
		</datafield>
		<datafield tag="336" ind1=" " ind2=" ">
			<subfield code="a">text</subfield>
			<subfield code="b">txt</subfield>
			<subfield code="2">rdacontent</subfield>
		</datafield>
		<datafield tag="337" ind1=" " ind2=" ">
			<subfield code="a">computer</subfield>
			<subfield code="b">c</subfield>
			<subfield code="2">rdamedia</subfield>
		</datafield>
		<datafield tag="338" ind1=" " ind2=" ">
			<subfield code="a">online resource</subfield>
			<subfield code="b">cr</subfield>
			<subfield code="2">rdacarrier</subfield>
		</datafield>
		<datafield tag="347" ind1=" " ind2=" ">
			<subfield code="a">text file</subfield>
			<subfield code="b">PDF</subfield>
			<subfield code="2">rda</subfield>
		</datafield>
		<datafield tag="490" ind1="0" ind2=" ">
			<subfield code="a">Allgemeine Gerichtsordnung für die Preussischen Staaten ;</subfield>
			<subfield code="v">Band 1</subfield>
		</datafield>
		<datafield tag="505" ind1="0" ind2="0">
			<subfield code="t">Frontmatter -- </subfield>
			<subfield code="t">Ew. Excellenz -- </subfield>
			<subfield code="t">Vorwort -- </subfield>
			<subfield code="t">Patent -- </subfield>
			<subfield code="t">Einleitung in die Prozessordnung -- </subfield>
			<subfield code="t">Erster Titel. Von den Personen, welche vor Gericht klagen oder belangt werden können -- </subfield>
			<subfield code="t">Zweiter Titel. Vom Gerichtsstände -- </subfield>
			<subfield code="t">Dritter Titel. Von der Pflicht der Parteien, die Instruction der Prozesse persönlich abzuwarten, und in wie fern sie sich dabei rechtlicher Beistände oder Bevollmächtigter bedienen können -- </subfield>
			<subfield code="t">Vierter Titel. Von der Anmeldung der Klage und was dabei zu beobachten sei -- </subfield>
			<subfield code="t">Fünfter Titel. Von Aufnehmung und Instruktion der Klage selbst, und was dabei zu beobachten -- </subfield>
			<subfield code="t">Sechster Titel. Von der Verordnung auf die Klage -- </subfield>
			<subfield code="t">Siebenter Titel. Von Abfassung und Insinuation gerichtlicher Verordnungen -- </subfield>
			<subfield code="t">Achter Titel. Von Anberaumung und Verlegung der Termine, und von rechtlichen Folgen des ungehorsamen Aussenbleibens -- </subfield>
			<subfield code="t">Neunter Titel. Von Aufnehmung der Antwort auf die Klage, und was darauf zu verfügen -- </subfield>
			<subfield code="t">Zehnter Titel. Von der Instruktion der Sache zum Definitiverkenntnisse -- </subfield>
			<subfield code="t">Eilfter Titel. Vom Versuch der Sühne, und wie dabei zu verfahren -- </subfield>
			<subfield code="t">Zwölfter Titel. Vom Beschluss der Sache und der Vorlegung der Akten -- </subfield>
			<subfield code="t">Dreizehnter Titel. Von Abfassung und Publikation der Erkenntnisse</subfield>
		</datafield>
		<datafield tag="538" ind1=" " ind2=" ">
			<subfield code="a">Mode of access: Internet via World Wide Web.</subfield>
		</datafield>
		<datafield tag="546" ind1=" " ind2=" ">
			<subfield code="a">In German.</subfield>
		</datafield>
		<datafield tag="588" ind1="0" ind2=" ">
			<subfield code="a">Description based on online resource; title from PDF title page (publisher's Web site, viewed 27. Mrz 2018)</subfield>
		</datafield>
		<datafield tag="700" ind1="1" ind2=" ">
			<subfield code="a">Mannkopff, A. J., </subfield>
			<subfield code="e">editor.</subfield>
		</datafield>
		<datafield tag="776" ind1="0" ind2=" ">
			<subfield code="c">print</subfield>
			<subfield code="z">9783111199382</subfield>
		</datafield>
		<datafield tag="856" ind1="4" ind2="0">
			<subfield code="u">https://doi.org/10.1515/9783111571010</subfield>
		</datafield>
		<datafield tag="856" ind1="4" ind2="2">
			<subfield code="3">Cover</subfield>
			<subfield code="u">https://www.degruyter.com/doc/cover/9783111571010.jpg</subfield>
		</datafield>
		<datafield tag="912" ind1=" " ind2=" ">
			<subfield code="a">GBV-deGruyter-alles</subfield>
		</datafield>
		<datafield tag="912" ind1=" " ind2=" ">
			<subfield code="a">GBV-deGruyter-PDA11SSHE</subfield>
		</datafield>
		<datafield tag="912" ind1=" " ind2=" ">
			<subfield code="a">GBV-deGruyter-PDA12STME</subfield>
		</datafield>
		<datafield tag="912" ind1=" " ind2=" ">
			<subfield code="a">GBV-deGruyter-PDA14ALL</subfield>
		</datafield>
		<datafield tag="912" ind1=" " ind2=" ">
			<subfield code="a">GBV-deGruyter-PDA15STM</subfield>
		</datafield>
		<datafield tag="912" ind1=" " ind2=" ">
			<subfield code="a">GBV-deGruyter-PDA16SSH</subfield>
		</datafield>
		<datafield tag="912" ind1=" " ind2=" ">
			<subfield code="a">GBV-deGruyter-PDA1ALL</subfield>
		</datafield>
		<datafield tag="912" ind1=" " ind2=" ">
			<subfield code="a">GBV-deGruyter-PDA2</subfield>
		</datafield>
		<datafield tag="912" ind1=" " ind2=" ">
			<subfield code="a">GBV-deGruyter-PDA2HUM</subfield>
		</datafield>
		<datafield tag="912" ind1=" " ind2=" ">
			<subfield code="a">GBV-deGruyter-PDA3STM</subfield>
		</datafield>
		<datafield tag="912" ind1=" " ind2=" ">
			<subfield code="a">GBV-deGruyter-PDA5EBK</subfield>
		</datafield>
	</record>