
	<record xmlns="http://www.loc.gov/MARC21/slim">
		<leader>03564nam a22005295i 4500</leader>
		<controlfield tag="001">9783111589916</controlfield>
		<controlfield tag="003">DE-B1597</controlfield>
		<controlfield tag="005">20180327123002.0</controlfield>
		<controlfield tag="006">m|||||o||d||||||||</controlfield>
		<controlfield tag="007">cr || ||||||||</controlfield>
		<controlfield tag="008">180327s2018    gw     fo  d z      ger d</controlfield>
		<datafield tag="020" ind1=" " ind2=" ">
			<subfield code="a">9783111589916</subfield>
		</datafield>
		<datafield tag="024" ind1="7" ind2=" ">
			<subfield code="a">10.1515/9783111589916</subfield>
			<subfield code="2">doi</subfield>
		</datafield>
		<datafield tag="035" ind1=" " ind2=" ">
			<subfield code="a">(DE-B1597)76399</subfield>
		</datafield>
		<datafield tag="040" ind1=" " ind2=" ">
			<subfield code="a">DE-B1597</subfield>
			<subfield code="b">eng</subfield>
			<subfield code="c">DE-B1597</subfield>
			<subfield code="e">rda</subfield>
		</datafield>
		<datafield tag="041" ind1="0" ind2=" ">
			<subfield code="a">ger</subfield>
		</datafield>
		<datafield tag="044" ind1=" " ind2=" ">
			<subfield code="a">gw</subfield>
			<subfield code="c">DE</subfield>
		</datafield>
		<datafield tag="072" ind1=" " ind2="7">
			<subfield code="a">LAW000000</subfield>
			<subfield code="2">bisacsh</subfield>
		</datafield>
		<datafield tag="245" ind1="0" ind2="0">
			<subfield code="a">Allgemeine Gerichtsordnung für die Preussischen Staaten :</subfield>
			<subfield code="b">In Verbindung mit den dieselbe ergänzenden, abändernden und erläuternden Gesetzen, Königlichen Verordnungen und Justiz-Ministerial-Rescripten. </subfield>
			<subfield code="n">Band 2, </subfield>
			<subfield code="p">Theil I. Titel 14–34 /</subfield>
			<subfield code="c">A. J. Mannkopff.</subfield>
		</datafield>
		<datafield tag="250" ind1=" " ind2=" ">
			<subfield code="a">Reprint 2018</subfield>
		</datafield>
		<datafield tag="264" ind1=" " ind2="1">
			<subfield code="a">Berlin ;Boston : </subfield>
			<subfield code="b">De Gruyter, </subfield>
			<subfield code="c">[2018]</subfield>
		</datafield>
		<datafield tag="264" ind1=" " ind2="4">
			<subfield code="c">©1837</subfield>
		</datafield>
		<datafield tag="300" ind1=" " ind2=" ">
			<subfield code="a">1 online resource </subfield>
		</datafield>
		<datafield tag="336" ind1=" " ind2=" ">
			<subfield code="a">text</subfield>
			<subfield code="b">txt</subfield>
			<subfield code="2">rdacontent</subfield>
		</datafield>
		<datafield tag="337" ind1=" " ind2=" ">
			<subfield code="a">computer</subfield>
			<subfield code="b">c</subfield>
			<subfield code="2">rdamedia</subfield>
		</datafield>
		<datafield tag="338" ind1=" " ind2=" ">
			<subfield code="a">online resource</subfield>
			<subfield code="b">cr</subfield>
			<subfield code="2">rdacarrier</subfield>
		</datafield>
		<datafield tag="347" ind1=" " ind2=" ">
			<subfield code="a">text file</subfield>
			<subfield code="b">PDF</subfield>
			<subfield code="2">rda</subfield>
		</datafield>
		<datafield tag="490" ind1="0" ind2=" ">
			<subfield code="a">Allgemeine Gerichtsordnung für die Preussischen Staaten ;</subfield>
			<subfield code="v">Band 2</subfield>
		</datafield>
		<datafield tag="505" ind1="0" ind2="0">
			<subfield code="t">Frontmatter -- </subfield>
			<subfield code="t">Vierzehnter Titel. Von Appellationen, und wie mit der Instruktion derselben -- </subfield>
			<subfield code="t">Fünfzehnter Titel . Von Revisionen, und wie dabei zu verfahren -- </subfield>
			<subfield code="t">Sehszehnter Titel. Von den Wirkungen eines rechtskräftigen Urtels -- </subfield>
			<subfield code="t">Siebenzehnter Titel. Von der Litisdenunciation , Adcitalion und Xominnüon -- </subfield>
			<subfield code="t">Achtzehnter Titel. Von Interventionell. -- </subfield>
			<subfield code="t">Neunzehnter Titel. Von der Rekonventlon oder Wiedcrklage -- </subfield>
			<subfield code="t">Zwanzigster Titel. Von der Litisrcassumtion und Renunciation -- </subfield>
			<subfield code="t">Ein und zwanzigster Titel. Von Kautioneix -- </subfield>
			<subfield code="t">Zwei und zwanzigster Titel. Von den in einem Prozesse vorkommenden nothwendigen Eitlen -- </subfield>
			<subfield code="t">Drei und zwanzigster Titel. Von Kosion, Strafen, Schäden, Zinsen, Früchten und Abnutzungen -- </subfield>
			<subfield code="t">Vier und zwanzigster Titel. Von der Vollstreckung der rechtskräftigen Urtel -- </subfield>
			<subfield code="t">Fünf und zwanzigster Titel Von dem Verfahren bei Untergerichten -- </subfield>
			<subfield code="t">Sechs und zwanzigster Titel. Vom Verfuhren in Bagatellsachen. -- </subfield>
			<subfield code="t">Sieben und zwanzigster Titel. Vom Wecliselprozess -- </subfield>
			<subfield code="t">Acht und zwanzigster Titel. Von cxekutivischen Prozessen, und von der Klage aus einem Judikate -- </subfield>
			<subfield code="t">Neun und zwanzigster Titel. Von Arresten, und wie dabei zu verfahren -- </subfield>
			<subfield code="t">Dreissigster Titel. Vom Verfahren in Merkantil- oder Mess- und Handlungs-, desgleichen in Assckuranzsachen -- </subfield>
			<subfield code="t">Ein und dreissigster Titel. Vom “Vom Verfahren im Possessorio summarissimo und in Spoliensachen -- </subfield>
			<subfield code="t">Zwei und dreissigster Titel. Von Diffamations- und Provokations-Prozessen -- </subfield>
			<subfield code="t">Drei und dreissigster TitcL Von Aufnehmung des Beweises zum ewigen Gedächtnisse -- </subfield>
			<subfield code="t">Vier und dreissigster Titel. Vom Verfahren in Injuriensachen</subfield>
		</datafield>
		<datafield tag="538" ind1=" " ind2=" ">
			<subfield code="a">Mode of access: Internet via World Wide Web.</subfield>
		</datafield>
		<datafield tag="546" ind1=" " ind2=" ">
			<subfield code="a">In German.</subfield>
		</datafield>
		<datafield tag="588" ind1="0" ind2=" ">
			<subfield code="a">Description based on online resource; title from PDF title page (publisher's Web site, viewed 27. Mrz 2018)</subfield>
		</datafield>
		<datafield tag="700" ind1="1" ind2=" ">
			<subfield code="a">Mannkopff, A. J., </subfield>
			<subfield code="e">editor.</subfield>
		</datafield>
		<datafield tag="776" ind1="0" ind2=" ">
			<subfield code="c">print</subfield>
			<subfield code="z">9783111216126</subfield>
		</datafield>
		<datafield tag="856" ind1="4" ind2="0">
			<subfield code="u">https://doi.org/10.1515/9783111589916</subfield>
		</datafield>
		<datafield tag="856" ind1="4" ind2="2">
			<subfield code="3">Cover</subfield>
			<subfield code="u">https://www.degruyter.com/doc/cover/9783111589916.jpg</subfield>
		</datafield>
		<datafield tag="912" ind1=" " ind2=" ">
			<subfield code="a">GBV-deGruyter-alles</subfield>
		</datafield>
		<datafield tag="912" ind1=" " ind2=" ">
			<subfield code="a">GBV-deGruyter-PDA11SSHE</subfield>
		</datafield>
		<datafield tag="912" ind1=" " ind2=" ">
			<subfield code="a">GBV-deGruyter-PDA12STME</subfield>
		</datafield>
		<datafield tag="912" ind1=" " ind2=" ">
			<subfield code="a">GBV-deGruyter-PDA14ALL</subfield>
		</datafield>
		<datafield tag="912" ind1=" " ind2=" ">
			<subfield code="a">GBV-deGruyter-PDA15STM</subfield>
		</datafield>
		<datafield tag="912" ind1=" " ind2=" ">
			<subfield code="a">GBV-deGruyter-PDA16SSH</subfield>
		</datafield>
		<datafield tag="912" ind1=" " ind2=" ">
			<subfield code="a">GBV-deGruyter-PDA1ALL</subfield>
		</datafield>
		<datafield tag="912" ind1=" " ind2=" ">
			<subfield code="a">GBV-deGruyter-PDA2</subfield>
		</datafield>
		<datafield tag="912" ind1=" " ind2=" ">
			<subfield code="a">GBV-deGruyter-PDA2HUM</subfield>
		</datafield>
		<datafield tag="912" ind1=" " ind2=" ">
			<subfield code="a">GBV-deGruyter-PDA3STM</subfield>
		</datafield>
		<datafield tag="912" ind1=" " ind2=" ">
			<subfield code="a">GBV-deGruyter-PDA5EBK</subfield>
		</datafield>
	</record>