
	<record xmlns="http://www.loc.gov/MARC21/slim">
		<leader>02808nam a22005295i 4500</leader>
		<controlfield tag="001">9783111589923</controlfield>
		<controlfield tag="003">DE-B1597</controlfield>
		<controlfield tag="005">20180327123002.0</controlfield>
		<controlfield tag="006">m|||||o||d||||||||</controlfield>
		<controlfield tag="007">cr || ||||||||</controlfield>
		<controlfield tag="008">180327s2018    gw     fo  d z      ger d</controlfield>
		<datafield tag="020" ind1=" " ind2=" ">
			<subfield code="a">9783111589923</subfield>
		</datafield>
		<datafield tag="024" ind1="7" ind2=" ">
			<subfield code="a">10.1515/9783111589923</subfield>
			<subfield code="2">doi</subfield>
		</datafield>
		<datafield tag="035" ind1=" " ind2=" ">
			<subfield code="a">(DE-B1597)92851</subfield>
		</datafield>
		<datafield tag="040" ind1=" " ind2=" ">
			<subfield code="a">DE-B1597</subfield>
			<subfield code="b">eng</subfield>
			<subfield code="c">DE-B1597</subfield>
			<subfield code="e">rda</subfield>
		</datafield>
		<datafield tag="041" ind1="0" ind2=" ">
			<subfield code="a">ger</subfield>
		</datafield>
		<datafield tag="044" ind1=" " ind2=" ">
			<subfield code="a">gw</subfield>
			<subfield code="c">DE</subfield>
		</datafield>
		<datafield tag="072" ind1=" " ind2="7">
			<subfield code="a">LAW000000</subfield>
			<subfield code="2">bisacsh</subfield>
		</datafield>
		<datafield tag="245" ind1="0" ind2="0">
			<subfield code="a">Allgemeine Gerichtsordnung für die Preussischen Staaten :</subfield>
			<subfield code="b">In Verbindung mit den dieselbe ergänzenden, abändernden und erläuternden Gesetzen, Königlichen Verordnungen und Justiz-Ministerial-Rescripten. </subfield>
			<subfield code="p">Register /</subfield>
			<subfield code="c">A. J. Mannkopff.</subfield>
		</datafield>
		<datafield tag="250" ind1=" " ind2=" ">
			<subfield code="a">Reprint 2018</subfield>
		</datafield>
		<datafield tag="264" ind1=" " ind2="1">
			<subfield code="a">Berlin ;Boston : </subfield>
			<subfield code="b">De Gruyter, </subfield>
			<subfield code="c">[2018]</subfield>
		</datafield>
		<datafield tag="264" ind1=" " ind2="4">
			<subfield code="c">©1839</subfield>
		</datafield>
		<datafield tag="300" ind1=" " ind2=" ">
			<subfield code="a">1 online resource </subfield>
		</datafield>
		<datafield tag="336" ind1=" " ind2=" ">
			<subfield code="a">text</subfield>
			<subfield code="b">txt</subfield>
			<subfield code="2">rdacontent</subfield>
		</datafield>
		<datafield tag="337" ind1=" " ind2=" ">
			<subfield code="a">computer</subfield>
			<subfield code="b">c</subfield>
			<subfield code="2">rdamedia</subfield>
		</datafield>
		<datafield tag="338" ind1=" " ind2=" ">
			<subfield code="a">online resource</subfield>
			<subfield code="b">cr</subfield>
			<subfield code="2">rdacarrier</subfield>
		</datafield>
		<datafield tag="347" ind1=" " ind2=" ">
			<subfield code="a">text file</subfield>
			<subfield code="b">PDF</subfield>
			<subfield code="2">rda</subfield>
		</datafield>
		<datafield tag="490" ind1="0" ind2=" ">
			<subfield code="a">Allgemeine Gerichtsordnung für die Preussischen Staaten</subfield>
		</datafield>
		<datafield tag="505" ind1="0" ind2="0">
			<subfield code="t">Frontmatter -- </subfield>
			<subfield code="t">I . Sachregister -- </subfield>
			<subfield code="t">Texte Der Allgemeinen Gerichtsordnung Und Zu Den Ergänzenden Verordnungen. -- </subfield>
			<subfield code="t">A. -- </subfield>
			<subfield code="t">B . -- </subfield>
			<subfield code="t">C. -- </subfield>
			<subfield code="t">D. -- </subfield>
			<subfield code="t">E. -- </subfield>
			<subfield code="t">F. -- </subfield>
			<subfield code="t">G. -- </subfield>
			<subfield code="t">H. -- </subfield>
			<subfield code="t">I. J. -- </subfield>
			<subfield code="t">K. -- </subfield>
			<subfield code="t">L. -- </subfield>
			<subfield code="t">M. -- </subfield>
			<subfield code="t">N. -- </subfield>
			<subfield code="t">O. -- </subfield>
			<subfield code="t">P. -- </subfield>
			<subfield code="t">Q. -- </subfield>
			<subfield code="t">R. -- </subfield>
			<subfield code="t">S. -- </subfield>
			<subfield code="t">T. -- </subfield>
			<subfield code="t">U. -- </subfield>
			<subfield code="t">V. -- </subfield>
			<subfield code="t">W. -- </subfield>
			<subfield code="t">Z. -- </subfield>
			<subfield code="t">II. Repertorium -- </subfield>
			<subfield code="t">1776. -- </subfield>
			<subfield code="t">1788. -- </subfield>
			<subfield code="t">1790. -- </subfield>
			<subfield code="t">1791. -- </subfield>
			<subfield code="t">1793. -- </subfield>
			<subfield code="t">1794. -- </subfield>
			<subfield code="t">1795. -- </subfield>
			<subfield code="t">1795. -- </subfield>
			<subfield code="t">1796. -- </subfield>
			<subfield code="t">1797. -- </subfield>
			<subfield code="t">1798. -- </subfield>
			<subfield code="t">1799. -- </subfield>
			<subfield code="t">1800. -- </subfield>
			<subfield code="t">1801. -- </subfield>
			<subfield code="t">1802. -- </subfield>
			<subfield code="t">1803. -- </subfield>
			<subfield code="t">1804. -- </subfield>
			<subfield code="t">1805. -- </subfield>
			<subfield code="t">1806. -- </subfield>
			<subfield code="t">1807. -- </subfield>
			<subfield code="t">1808. -- </subfield>
			<subfield code="t">1809. -- </subfield>
			<subfield code="t">1810. -- </subfield>
			<subfield code="t">1811. -- </subfield>
			<subfield code="t">1812. -- </subfield>
			<subfield code="t">1813. -- </subfield>
			<subfield code="t">1814. -- </subfield>
			<subfield code="t">1815. -- </subfield>
			<subfield code="t">1816. -- </subfield>
			<subfield code="t">1817. -- </subfield>
			<subfield code="t">1818. -- </subfield>
			<subfield code="t">1919. -- </subfield>
			<subfield code="t">1820. -- </subfield>
			<subfield code="t">1821. -- </subfield>
			<subfield code="t">1822. -- </subfield>
			<subfield code="t">1823. -- </subfield>
			<subfield code="t">1824. -- </subfield>
			<subfield code="t">1825. -- </subfield>
			<subfield code="t">1826. -- </subfield>
			<subfield code="t">1827. -- </subfield>
			<subfield code="t">1828. -- </subfield>
			<subfield code="t">1829. -- </subfield>
			<subfield code="t">1830. -- </subfield>
			<subfield code="t">1831. -- </subfield>
			<subfield code="t">1832. -- </subfield>
			<subfield code="t">1833. -- </subfield>
			<subfield code="t">1834. -- </subfield>
			<subfield code="t">1835. -- </subfield>
			<subfield code="t">1836. -- </subfield>
			<subfield code="t">1837. -- </subfield>
			<subfield code="t">1838.</subfield>
		</datafield>
		<datafield tag="538" ind1=" " ind2=" ">
			<subfield code="a">Mode of access: Internet via World Wide Web.</subfield>
		</datafield>
		<datafield tag="546" ind1=" " ind2=" ">
			<subfield code="a">In German.</subfield>
		</datafield>
		<datafield tag="588" ind1="0" ind2=" ">
			<subfield code="a">Description based on online resource; title from PDF title page (publisher's Web site, viewed 27. Mrz 2018)</subfield>
		</datafield>
		<datafield tag="700" ind1="1" ind2=" ">
			<subfield code="a">Mannkopff, A. J., </subfield>
			<subfield code="e">editor.</subfield>
		</datafield>
		<datafield tag="776" ind1="0" ind2=" ">
			<subfield code="c">print</subfield>
			<subfield code="z">9783111216133</subfield>
		</datafield>
		<datafield tag="856" ind1="4" ind2="0">
			<subfield code="u">https://doi.org/10.1515/9783111589923</subfield>
		</datafield>
		<datafield tag="856" ind1="4" ind2="2">
			<subfield code="3">Cover</subfield>
			<subfield code="u">https://www.degruyter.com/doc/cover/9783111589923.jpg</subfield>
		</datafield>
		<datafield tag="912" ind1=" " ind2=" ">
			<subfield code="a">GBV-deGruyter-alles</subfield>
		</datafield>
		<datafield tag="912" ind1=" " ind2=" ">
			<subfield code="a">GBV-deGruyter-PDA11SSHE</subfield>
		</datafield>
		<datafield tag="912" ind1=" " ind2=" ">
			<subfield code="a">GBV-deGruyter-PDA12STME</subfield>
		</datafield>
		<datafield tag="912" ind1=" " ind2=" ">
			<subfield code="a">GBV-deGruyter-PDA14ALL</subfield>
		</datafield>
		<datafield tag="912" ind1=" " ind2=" ">
			<subfield code="a">GBV-deGruyter-PDA15STM</subfield>
		</datafield>
		<datafield tag="912" ind1=" " ind2=" ">
			<subfield code="a">GBV-deGruyter-PDA16SSH</subfield>
		</datafield>
		<datafield tag="912" ind1=" " ind2=" ">
			<subfield code="a">GBV-deGruyter-PDA1ALL</subfield>
		</datafield>
		<datafield tag="912" ind1=" " ind2=" ">
			<subfield code="a">GBV-deGruyter-PDA2</subfield>
		</datafield>
		<datafield tag="912" ind1=" " ind2=" ">
			<subfield code="a">GBV-deGruyter-PDA2HUM</subfield>
		</datafield>
		<datafield tag="912" ind1=" " ind2=" ">
			<subfield code="a">GBV-deGruyter-PDA3STM</subfield>
		</datafield>
		<datafield tag="912" ind1=" " ind2=" ">
			<subfield code="a">GBV-deGruyter-PDA5EBK</subfield>
		</datafield>
	</record>