
	<record xmlns="http://www.loc.gov/MARC21/slim">
		<leader>03447nam a22005535i 4500</leader>
		<controlfield tag="001">9783111602325</controlfield>
		<controlfield tag="003">DE-B1597</controlfield>
		<controlfield tag="005">20180327123002.0</controlfield>
		<controlfield tag="006">m|||||o||d||||||||</controlfield>
		<controlfield tag="007">cr || ||||||||</controlfield>
		<controlfield tag="008">180327s2018    gw     fo  d z      ger d</controlfield>
		<datafield tag="020" ind1=" " ind2=" ">
			<subfield code="a">9783111602325</subfield>
		</datafield>
		<datafield tag="024" ind1="7" ind2=" ">
			<subfield code="a">10.1515/9783111602325</subfield>
			<subfield code="2">doi</subfield>
		</datafield>
		<datafield tag="035" ind1=" " ind2=" ">
			<subfield code="a">(DE-B1597)91985</subfield>
		</datafield>
		<datafield tag="040" ind1=" " ind2=" ">
			<subfield code="a">DE-B1597</subfield>
			<subfield code="b">eng</subfield>
			<subfield code="c">DE-B1597</subfield>
			<subfield code="e">rda</subfield>
		</datafield>
		<datafield tag="041" ind1="0" ind2=" ">
			<subfield code="a">ger</subfield>
		</datafield>
		<datafield tag="044" ind1=" " ind2=" ">
			<subfield code="a">gw</subfield>
			<subfield code="c">DE</subfield>
		</datafield>
		<datafield tag="072" ind1=" " ind2="7">
			<subfield code="a">LAW000000</subfield>
			<subfield code="2">bisacsh</subfield>
		</datafield>
		<datafield tag="100" ind1="1" ind2=" ">
			<subfield code="a">Meier, Th.,</subfield>
			<subfield code="e">author.</subfield>
		</datafield>
		<datafield tag="245" ind1="1" ind2="4">
			<subfield code="a">Das preußische gemeine und provinzielle Kirchenrecht für das Geltungsgebiet des allgemeinen Landrechts /</subfield>
			<subfield code="c">Th. Meier.</subfield>
		</datafield>
		<datafield tag="250" ind1=" " ind2=" ">
			<subfield code="a">Reprint 2018</subfield>
		</datafield>
		<datafield tag="264" ind1=" " ind2="1">
			<subfield code="a">Berlin ;Boston : </subfield>
			<subfield code="b">De Gruyter, </subfield>
			<subfield code="c">[2018]</subfield>
		</datafield>
		<datafield tag="264" ind1=" " ind2="4">
			<subfield code="c">©1868</subfield>
		</datafield>
		<datafield tag="300" ind1=" " ind2=" ">
			<subfield code="a">1 online resource (524 p.)</subfield>
		</datafield>
		<datafield tag="336" ind1=" " ind2=" ">
			<subfield code="a">text</subfield>
			<subfield code="b">txt</subfield>
			<subfield code="2">rdacontent</subfield>
		</datafield>
		<datafield tag="337" ind1=" " ind2=" ">
			<subfield code="a">computer</subfield>
			<subfield code="b">c</subfield>
			<subfield code="2">rdamedia</subfield>
		</datafield>
		<datafield tag="338" ind1=" " ind2=" ">
			<subfield code="a">online resource</subfield>
			<subfield code="b">cr</subfield>
			<subfield code="2">rdacarrier</subfield>
		</datafield>
		<datafield tag="347" ind1=" " ind2=" ">
			<subfield code="a">text file</subfield>
			<subfield code="b">PDF</subfield>
			<subfield code="2">rda</subfield>
		</datafield>
		<datafield tag="505" ind1="0" ind2="0">
			<subfield code="t">Frontmatter -- </subfield>
			<subfield code="t">Vorwort / </subfield>
			<subfield code="r">Meier, Th. -- </subfield>
			<subfield code="t">Erklärung der Abkürzungen -- </subfield>
			<subfield code="t">Inhalts-Verzeichniß -- </subfield>
			<subfield code="t">Allgemeines Landrecht für die Preußischen Staaten -- </subfield>
			<subfield code="t">Zweiter Theil. Elfter Titel. Von den Rechten und Pflichten der Kirchen und geistlichen Gesellschaften -- </subfield>
			<subfield code="t">Erster Abschnitt. Von Kirchengesellschaften überhaupt -- </subfield>
			<subfield code="t">Zweiter Abschnitt. Von den Mitgliedern der Kirchengesellschaften -- </subfield>
			<subfield code="t">Dritter Abschnitt. Von den Oberen und Vorgesetzten der Kirchengesellschaften -- </subfield>
			<subfield code="t">Vierter Abschnitt. Von den Gütern und dem Vermögen der Kirchengesellschaften -- </subfield>
			<subfield code="t">Fünfter Abschnitt. Von Parochien -- </subfield>
			<subfield code="t">Sechster Abschnitt. Vom Pfarrer und dessen Rechten -- </subfield>
			<subfield code="t">Siebenter Abschnitt. Von weltlichen Kirchenbedienten -- </subfield>
			<subfield code="t">Achter Abschnitt. Von Kirchenpatronen -- </subfield>
			<subfield code="t">Neunter Abschnitt. Don der Verwaltung der Güter und des Vermögens der Pfarrkirchen -- </subfield>
			<subfield code="t">Zehnter Abschnitt. Von Pfarrgütern und Einkünften -- </subfield>
			<subfield code="t">Elfter Abschnitt. Von Zehnten und anderen Pfarrabgaben -- </subfield>
			<subfield code="t">Zwölfter Abschnitt. Von geistlichen Gesellschaften überhaupt -- </subfield>
			<subfield code="t">Dreizehnter Abschnitt. Von katholischen Domstiften und Kapiteln -- </subfield>
			<subfield code="t">Vierzehnter Abschnitt. Von Kollegiatstiften -- </subfield>
			<subfield code="t">Fünfzehnter Abschnitt. Von Klostergesellschaften -- </subfield>
			<subfield code="t">Sechszehnter Abschnitt. Von geistlichen Ritterorden -- </subfield>
			<subfield code="t">Siebenzehnter Abschnitt. Von weltgeistlichen Kanonicis -- </subfield>
			<subfield code="t">Achtzehnter Abschnitt. Von Mönchen und Ordensleuten -- </subfield>
			<subfield code="t">Neunzehnter Abschnitt. Von den Mitgliedern der geistlichen Ritterorden -- </subfield>
			<subfield code="t">Zwanzigster Abschnitt. Von protestantischen Stiften, Klöstern, Ritterorden und deren Mitgliedern -- </subfield>
			<subfield code="t">Anhang -- </subfield>
			<subfield code="t">Zusätze und Berichtigungen -- </subfield>
			<subfield code="t">Chronologisches Register -- </subfield>
			<subfield code="t">Sach-Register</subfield>
		</datafield>
		<datafield tag="538" ind1=" " ind2=" ">
			<subfield code="a">Mode of access: Internet via World Wide Web.</subfield>
		</datafield>
		<datafield tag="546" ind1=" " ind2=" ">
			<subfield code="a">In German.</subfield>
		</datafield>
		<datafield tag="588" ind1="0" ind2=" ">
			<subfield code="a">Description based on online resource; title from PDF title page (publisher's Web site, viewed 27. Mrz 2018)</subfield>
		</datafield>
		<datafield tag="650" ind1=" " ind2="4">
			<subfield code="a">Kirchenrecht.</subfield>
		</datafield>
		<datafield tag="650" ind1=" " ind2="4">
			<subfield code="a">Preußen.</subfield>
		</datafield>
		<datafield tag="650" ind1=" " ind2="4">
			<subfield code="a">Recht.</subfield>
		</datafield>
		<datafield tag="776" ind1="0" ind2=" ">
			<subfield code="c">print</subfield>
			<subfield code="z">9783111227139</subfield>
		</datafield>
		<datafield tag="856" ind1="4" ind2="0">
			<subfield code="u">https://doi.org/10.1515/9783111602325</subfield>
		</datafield>
		<datafield tag="856" ind1="4" ind2="2">
			<subfield code="3">Cover</subfield>
			<subfield code="u">https://www.degruyter.com/doc/cover/9783111602325.jpg</subfield>
		</datafield>
		<datafield tag="912" ind1=" " ind2=" ">
			<subfield code="a">GBV-deGruyter-alles</subfield>
		</datafield>
		<datafield tag="912" ind1=" " ind2=" ">
			<subfield code="a">GBV-deGruyter-PDA11SSHE</subfield>
		</datafield>
		<datafield tag="912" ind1=" " ind2=" ">
			<subfield code="a">GBV-deGruyter-PDA12STME</subfield>
		</datafield>
		<datafield tag="912" ind1=" " ind2=" ">
			<subfield code="a">GBV-deGruyter-PDA14ALL</subfield>
		</datafield>
		<datafield tag="912" ind1=" " ind2=" ">
			<subfield code="a">GBV-deGruyter-PDA15STM</subfield>
		</datafield>
		<datafield tag="912" ind1=" " ind2=" ">
			<subfield code="a">GBV-deGruyter-PDA16SSH</subfield>
		</datafield>
		<datafield tag="912" ind1=" " ind2=" ">
			<subfield code="a">GBV-deGruyter-PDA1ALL</subfield>
		</datafield>
		<datafield tag="912" ind1=" " ind2=" ">
			<subfield code="a">GBV-deGruyter-PDA2</subfield>
		</datafield>
		<datafield tag="912" ind1=" " ind2=" ">
			<subfield code="a">GBV-deGruyter-PDA2HUM</subfield>
		</datafield>
		<datafield tag="912" ind1=" " ind2=" ">
			<subfield code="a">GBV-deGruyter-PDA3STM</subfield>
		</datafield>
		<datafield tag="912" ind1=" " ind2=" ">
			<subfield code="a">GBV-deGruyter-PDA5EBK</subfield>
		</datafield>
	</record>