
	<record xmlns="http://www.loc.gov/MARC21/slim">
		<leader>03066nam a22005295i 4500</leader>
		<controlfield tag="001">9783111624204</controlfield>
		<controlfield tag="003">DE-B1597</controlfield>
		<controlfield tag="005">20180327123002.0</controlfield>
		<controlfield tag="006">m|||||o||d||||||||</controlfield>
		<controlfield tag="007">cr || ||||||||</controlfield>
		<controlfield tag="008">180327s2018    gw     fo  d z      ger d</controlfield>
		<datafield tag="020" ind1=" " ind2=" ">
			<subfield code="a">9783111624204</subfield>
		</datafield>
		<datafield tag="024" ind1="7" ind2=" ">
			<subfield code="a">10.1515/9783111624204</subfield>
			<subfield code="2">doi</subfield>
		</datafield>
		<datafield tag="035" ind1=" " ind2=" ">
			<subfield code="a">(DE-B1597)81127</subfield>
		</datafield>
		<datafield tag="040" ind1=" " ind2=" ">
			<subfield code="a">DE-B1597</subfield>
			<subfield code="b">eng</subfield>
			<subfield code="c">DE-B1597</subfield>
			<subfield code="e">rda</subfield>
		</datafield>
		<datafield tag="041" ind1="0" ind2=" ">
			<subfield code="a">ger</subfield>
		</datafield>
		<datafield tag="044" ind1=" " ind2=" ">
			<subfield code="a">gw</subfield>
			<subfield code="c">DE</subfield>
		</datafield>
		<datafield tag="072" ind1=" " ind2="7">
			<subfield code="a">REL000000</subfield>
			<subfield code="2">bisacsh</subfield>
		</datafield>
		<datafield tag="072" ind1=" " ind2="7">
			<subfield code="a">REL102000</subfield>
			<subfield code="2">bisacsh</subfield>
		</datafield>
		<datafield tag="100" ind1="1" ind2=" ">
			<subfield code="a">Wette, Wilhelm Martin Leberecht de,</subfield>
			<subfield code="e">author.</subfield>
		</datafield>
		<datafield tag="245" ind1="1" ind2="0">
			<subfield code="a">Dr. Martin Luthers Briefe, Sendschreiben und Bedenken :</subfield>
			<subfield code="b">vollständig aus den verschiedenen Ausgaben seiner Werke und Briefe, aus andern Büchern und noch unbenutzten Handschriften gesammelt kritisch und historisch bearbeitet. </subfield>
			<subfield code="n">Teil 6, </subfield>
			<subfield code="p">Die in den fünf Theilen fehlenden Briefe und Bedenken Luthers ; Nebst zwei Registern /</subfield>
			<subfield code="c">Martin Luther; Wilhelm Martin Leberecht de Wette, Johann Karl Seidemann.</subfield>
		</datafield>
		<datafield tag="250" ind1=" " ind2=" ">
			<subfield code="a">Reprint 2018</subfield>
		</datafield>
		<datafield tag="264" ind1=" " ind2="1">
			<subfield code="a">Berlin ;Boston : </subfield>
			<subfield code="b">De Gruyter, </subfield>
			<subfield code="c">[2018]</subfield>
		</datafield>
		<datafield tag="264" ind1=" " ind2="4">
			<subfield code="c">©1856</subfield>
		</datafield>
		<datafield tag="300" ind1=" " ind2=" ">
			<subfield code="a">1 online resource (742 p.)</subfield>
		</datafield>
		<datafield tag="336" ind1=" " ind2=" ">
			<subfield code="a">text</subfield>
			<subfield code="b">txt</subfield>
			<subfield code="2">rdacontent</subfield>
		</datafield>
		<datafield tag="337" ind1=" " ind2=" ">
			<subfield code="a">computer</subfield>
			<subfield code="b">c</subfield>
			<subfield code="2">rdamedia</subfield>
		</datafield>
		<datafield tag="338" ind1=" " ind2=" ">
			<subfield code="a">online resource</subfield>
			<subfield code="b">cr</subfield>
			<subfield code="2">rdacarrier</subfield>
		</datafield>
		<datafield tag="347" ind1=" " ind2=" ">
			<subfield code="a">text file</subfield>
			<subfield code="b">PDF</subfield>
			<subfield code="2">rda</subfield>
		</datafield>
		<datafield tag="490" ind1="0" ind2=" ">
			<subfield code="a">Dr. Martin Luthers Briefe, Sendschreiben und Bedenken ;</subfield>
			<subfield code="v">Teil 6</subfield>
		</datafield>
		<datafield tag="505" ind1="0" ind2="0">
			<subfield code="t">Frontmatter -- </subfield>
			<subfield code="t">Vorwort -- </subfield>
			<subfield code="t">Chronik des Lebens Luthers -- </subfield>
			<subfield code="t">1503 -- </subfield>
			<subfield code="t">1512 -- </subfield>
			<subfield code="t">1515 -- </subfield>
			<subfield code="t">1518 -- </subfield>
			<subfield code="t">1519 -- </subfield>
			<subfield code="t">1520 -- </subfield>
			<subfield code="t">1521 -- </subfield>
			<subfield code="t">1522 -- </subfield>
			<subfield code="t">1523 -- </subfield>
			<subfield code="t">1524 -- </subfield>
			<subfield code="t">1525 -- </subfield>
			<subfield code="t">1526 -- </subfield>
			<subfield code="t">1527 -- </subfield>
			<subfield code="t">1528 -- </subfield>
			<subfield code="t">1529 -- </subfield>
			<subfield code="t">1530 -- </subfield>
			<subfield code="t">1531 -- </subfield>
			<subfield code="t">1532 -- </subfield>
			<subfield code="t">1533 -- </subfield>
			<subfield code="t">1534 -- </subfield>
			<subfield code="t">1535 -- </subfield>
			<subfield code="t">1536 -- </subfield>
			<subfield code="t">1537 -- </subfield>
			<subfield code="t">1538 -- </subfield>
			<subfield code="t">1539 -- </subfield>
			<subfield code="t">1540 -- </subfield>
			<subfield code="t">1541 -- </subfield>
			<subfield code="t">1542 -- </subfield>
			<subfield code="t">1543 -- </subfield>
			<subfield code="t">1544 -- </subfield>
			<subfield code="t">1545 -- </subfield>
			<subfield code="t">1546 -- </subfield>
			<subfield code="t">Folgen die Briefe ohne alle Zeitbestimmung -- </subfield>
			<subfield code="t">Anhang -- </subfield>
			<subfield code="t">Erstes Register. Die Empfänger der Briefe -- </subfield>
			<subfield code="t">A -- </subfield>
			<subfield code="t">B -- </subfield>
			<subfield code="t">C -- </subfield>
			<subfield code="t">D -- </subfield>
			<subfield code="t">E -- </subfield>
			<subfield code="t">F -- </subfield>
			<subfield code="t">G -- </subfield>
			<subfield code="t">H -- </subfield>
			<subfield code="t">J -- </subfield>
			<subfield code="t">K -- </subfield>
			<subfield code="t">L -- </subfield>
			<subfield code="t">M -- </subfield>
			<subfield code="t">R -- </subfield>
			<subfield code="t">O -- </subfield>
			<subfield code="t">P -- </subfield>
			<subfield code="t">Q -- </subfield>
			<subfield code="t">R -- </subfield>
			<subfield code="t">S -- </subfield>
			<subfield code="t">T -- </subfield>
			<subfield code="t">U -- </subfield>
			<subfield code="t">V -- </subfield>
			<subfield code="t">W -- </subfield>
			<subfield code="t">X -- </subfield>
			<subfield code="t">Z -- </subfield>
			<subfield code="t">Zweites Register. Zur Ausbedeutung des Briefschatzes -- </subfield>
			<subfield code="t">A -- </subfield>
			<subfield code="t">B -- </subfield>
			<subfield code="t">C -- </subfield>
			<subfield code="t">D -- </subfield>
			<subfield code="t">E -- </subfield>
			<subfield code="t">F -- </subfield>
			<subfield code="t">G -- </subfield>
			<subfield code="t">H -- </subfield>
			<subfield code="t">J -- </subfield>
			<subfield code="t">K -- </subfield>
			<subfield code="t">L -- </subfield>
			<subfield code="t">M -- </subfield>
			<subfield code="t">N -- </subfield>
			<subfield code="t">O -- </subfield>
			<subfield code="t">P -- </subfield>
			<subfield code="t">Q -- </subfield>
			<subfield code="t">R -- </subfield>
			<subfield code="t">S -- </subfield>
			<subfield code="t">T -- </subfield>
			<subfield code="t">U -- </subfield>
			<subfield code="t">V -- </subfield>
			<subfield code="t">W -- </subfield>
			<subfield code="t">X -- </subfield>
			<subfield code="t">Z -- </subfield>
			<subfield code="t">Nachtrag -- </subfield>
			<subfield code="t">Roch zwei Briefe</subfield>
		</datafield>
		<datafield tag="538" ind1=" " ind2=" ">
			<subfield code="a">Mode of access: Internet via World Wide Web.</subfield>
		</datafield>
		<datafield tag="546" ind1=" " ind2=" ">
			<subfield code="a">In German.</subfield>
		</datafield>
		<datafield tag="588" ind1="0" ind2=" ">
			<subfield code="a">Description based on online resource; title from PDF title page (publisher's Web site, viewed 27. Mrz 2018)</subfield>
		</datafield>
		<datafield tag="700" ind1="1" ind2=" ">
			<subfield code="a">Seidemann, Johann Karl, </subfield>
			<subfield code="e">editor.</subfield>
		</datafield>
		<datafield tag="700" ind1="1" ind2=" ">
			<subfield code="a">Wette, Wilhelm Martin Leberecht de, </subfield>
			<subfield code="e">editor.</subfield>
		</datafield>
		<datafield tag="776" ind1="0" ind2=" ">
			<subfield code="c">print</subfield>
			<subfield code="z">9783111246710</subfield>
		</datafield>
		<datafield tag="856" ind1="4" ind2="0">
			<subfield code="u">https://doi.org/10.1515/9783111624204</subfield>
		</datafield>
		<datafield tag="856" ind1="4" ind2="2">
			<subfield code="3">Cover</subfield>
			<subfield code="u">https://www.degruyter.com/doc/cover/9783111624204.jpg</subfield>
		</datafield>
		<datafield tag="912" ind1=" " ind2=" ">
			<subfield code="a">GBV-deGruyter-alles</subfield>
		</datafield>
		<datafield tag="912" ind1=" " ind2=" ">
			<subfield code="a">GBV-deGruyter-PDA11SSHE</subfield>
		</datafield>
		<datafield tag="912" ind1=" " ind2=" ">
			<subfield code="a">GBV-deGruyter-PDA14ALL</subfield>
		</datafield>
		<datafield tag="912" ind1=" " ind2=" ">
			<subfield code="a">GBV-deGruyter-PDA16SSH</subfield>
		</datafield>
		<datafield tag="912" ind1=" " ind2=" ">
			<subfield code="a">GBV-deGruyter-PDA1ALL</subfield>
		</datafield>
		<datafield tag="912" ind1=" " ind2=" ">
			<subfield code="a">GBV-deGruyter-PDA2</subfield>
		</datafield>
		<datafield tag="912" ind1=" " ind2=" ">
			<subfield code="a">GBV-deGruyter-PDA2HUM</subfield>
		</datafield>
		<datafield tag="912" ind1=" " ind2=" ">
			<subfield code="a">GBV-deGruyter-PDA5EBK</subfield>
		</datafield>
	</record>