
	<record xmlns="http://www.loc.gov/MARC21/slim">
		<leader>02474nam a22004935i 4500</leader>
		<controlfield tag="001">9783111657080</controlfield>
		<controlfield tag="003">DE-B1597</controlfield>
		<controlfield tag="005">20180327123002.0</controlfield>
		<controlfield tag="006">m|||||o||d||||||||</controlfield>
		<controlfield tag="007">cr || ||||||||</controlfield>
		<controlfield tag="008">180327s2018    gw     fo  d z      eng d</controlfield>
		<datafield tag="020" ind1=" " ind2=" ">
			<subfield code="a">9783111657080</subfield>
		</datafield>
		<datafield tag="024" ind1="7" ind2=" ">
			<subfield code="a">10.1515/9783111657080</subfield>
			<subfield code="2">doi</subfield>
		</datafield>
		<datafield tag="035" ind1=" " ind2=" ">
			<subfield code="a">(DE-B1597)58387</subfield>
		</datafield>
		<datafield tag="040" ind1=" " ind2=" ">
			<subfield code="a">DE-B1597</subfield>
			<subfield code="b">eng</subfield>
			<subfield code="c">DE-B1597</subfield>
			<subfield code="e">rda</subfield>
		</datafield>
		<datafield tag="041" ind1="0" ind2=" ">
			<subfield code="a">eng</subfield>
		</datafield>
		<datafield tag="044" ind1=" " ind2=" ">
			<subfield code="a">gw</subfield>
			<subfield code="c">DE</subfield>
		</datafield>
		<datafield tag="072" ind1=" " ind2="7">
			<subfield code="a">LAN009000</subfield>
			<subfield code="2">bisacsh</subfield>
		</datafield>
		<datafield tag="245" ind1="0" ind2="0">
			<subfield code="a">Evidence for laryngeals /</subfield>
			<subfield code="c">Werner Winter.</subfield>
		</datafield>
		<datafield tag="250" ind1=" " ind2=" ">
			<subfield code="a">Reprint 2018</subfield>
		</datafield>
		<datafield tag="264" ind1=" " ind2="1">
			<subfield code="a">Berlin ;Boston : </subfield>
			<subfield code="b">De Gruyter Mouton, </subfield>
			<subfield code="c">[2018]</subfield>
		</datafield>
		<datafield tag="264" ind1=" " ind2="4">
			<subfield code="c">©1965</subfield>
		</datafield>
		<datafield tag="300" ind1=" " ind2=" ">
			<subfield code="a">1 online resource </subfield>
		</datafield>
		<datafield tag="336" ind1=" " ind2=" ">
			<subfield code="a">text</subfield>
			<subfield code="b">txt</subfield>
			<subfield code="2">rdacontent</subfield>
		</datafield>
		<datafield tag="337" ind1=" " ind2=" ">
			<subfield code="a">computer</subfield>
			<subfield code="b">c</subfield>
			<subfield code="2">rdamedia</subfield>
		</datafield>
		<datafield tag="338" ind1=" " ind2=" ">
			<subfield code="a">online resource</subfield>
			<subfield code="b">cr</subfield>
			<subfield code="2">rdacarrier</subfield>
		</datafield>
		<datafield tag="347" ind1=" " ind2=" ">
			<subfield code="a">text file</subfield>
			<subfield code="b">PDF</subfield>
			<subfield code="2">rda</subfield>
		</datafield>
		<datafield tag="490" ind1="0" ind2=" ">
			<subfield code="a">Janua Linguarum. Series Maior ;</subfield>
			<subfield code="v">11</subfield>
		</datafield>
		<datafield tag="505" ind1="0" ind2="0">
			<subfield code="t">Frontmatter -- </subfield>
			<subfield code="t">PREFACE / </subfield>
			<subfield code="r">Winter, Werner -- </subfield>
			<subfield code="t">TABLE OF CONTENTS -- </subfield>
			<subfield code="t">THE LARYNGEAL THEORY SO FAR A CRITICAL BIBLIOGRAPHICAL SURVEY / </subfield>
			<subfield code="r">Polomé, Edgar -- </subfield>
			<subfield code="t">EVIDENCE IN ANATOLIAN / </subfield>
			<subfield code="r">Puhvel, Jaan -- </subfield>
			<subfield code="t">INDO-IRANIAN EVIDENCE / </subfield>
			<subfield code="r">Hoenigswald, Henry M. -- </subfield>
			<subfield code="t">ARMENIAN EVIDENCE / </subfield>
			<subfield code="r">Winter, Werner -- </subfield>
			<subfield code="t">EVIDENCE IN BALTO-SLAVIC / </subfield>
			<subfield code="r">Watkins, Calvert -- </subfield>
			<subfield code="t">EVIDENCE IN ALBANIAN / </subfield>
			<subfield code="r">Hamp, Eric P. -- </subfield>
			<subfield code="t">EVIDENCE IN GREEK / </subfield>
			<subfield code="r">Cowgill, Warren -- </subfield>
			<subfield code="t">EVIDENCE IN ITALIC / </subfield>
			<subfield code="r">Watkins, Calvert -- </subfield>
			<subfield code="t">TOCHARIAN EVIDENCE / </subfield>
			<subfield code="r">Winter, Werner -- </subfield>
			<subfield code="t">GERMANIC EVIDENCE / </subfield>
			<subfield code="r">Lehmann, Winfred P. -- </subfield>
			<subfield code="t">EVIDENCE IN KELTIC / </subfield>
			<subfield code="r">Hamp, Eric P. -- </subfield>
			<subfield code="t">INDEX OF AUTHORS MENTIONED -- </subfield>
			<subfield code="t">WORD INDEX -- </subfield>
			<subfield code="t">Backmatter</subfield>
		</datafield>
		<datafield tag="506" ind1="0" ind2=" ">
			<subfield code="a">Open Access.</subfield>
		</datafield>
		<datafield tag="538" ind1=" " ind2=" ">
			<subfield code="a">Mode of access: Internet via World Wide Web.</subfield>
		</datafield>
		<datafield tag="540" ind1=" " ind2=" ">
			<subfield code="a">This eBook is made available Open Access. Unless otherwise specified individually in the content, the work is licensed under the Creative Commons Attribution-NonCommercial-NoDerivatives (CC BY-NC-ND) license: </subfield>
			<subfield code="u">https://creativecommons.org/licenses/by-nc-n</subfield>
		</datafield>
		<datafield tag="546" ind1=" " ind2=" ">
			<subfield code="a">In English.</subfield>
		</datafield>
		<datafield tag="588" ind1="0" ind2=" ">
			<subfield code="a">Description based on online resource; title from PDF title page (publisher's Web site, viewed 27. Mrz 2018)</subfield>
		</datafield>
		<datafield tag="650" ind1=" " ind2="4">
			<subfield code="a">Indogermanisch.</subfield>
		</datafield>
		<datafield tag="650" ind1=" " ind2="4">
			<subfield code="a">Laryngal.</subfield>
		</datafield>
		<datafield tag="650" ind1=" " ind2="4">
			<subfield code="a">Laryngalkonsonant.</subfield>
		</datafield>
		<datafield tag="700" ind1="1" ind2=" ">
			<subfield code="a">Winter, Werner, </subfield>
			<subfield code="e">editor.</subfield>
		</datafield>
		<datafield tag="776" ind1="0" ind2=" ">
			<subfield code="c">print</subfield>
			<subfield code="z">9783111272856</subfield>
		</datafield>
		<datafield tag="856" ind1="4" ind2="0">
			<subfield code="u">https://doi.org/10.1515/9783111657080</subfield>
			<subfield code="z">Open Access</subfield>
		</datafield>
		<datafield tag="856" ind1="4" ind2="2">
			<subfield code="3">Cover</subfield>
			<subfield code="u">https://www.degruyter.com/doc/cover/9783111657080.jpg</subfield>
		</datafield>
		<datafield tag="912" ind1=" " ind2=" ">
			<subfield code="a">GBV-deGruyter-alles</subfield>
		</datafield>
		<datafield tag="912" ind1=" " ind2=" ">
			<subfield code="a">GBV-deGruyter-OA</subfield>
		</datafield>
		<datafield tag="912" ind1=" " ind2=" ">
			<subfield code="a">ZDB-23-DGGOA</subfield>
		</datafield>
	</record>