
	<record xmlns="http://www.loc.gov/MARC21/slim">
		<leader>02728nam a22005295i 4500</leader>
		<controlfield tag="001">9783111662831</controlfield>
		<controlfield tag="003">DE-B1597</controlfield>
		<controlfield tag="005">20180327123002.0</controlfield>
		<controlfield tag="006">m|||||o||d||||||||</controlfield>
		<controlfield tag="007">cr || ||||||||</controlfield>
		<controlfield tag="008">180327s2018    gw     fo  d z      ger d</controlfield>
		<datafield tag="020" ind1=" " ind2=" ">
			<subfield code="a">9783111662831</subfield>
		</datafield>
		<datafield tag="024" ind1="7" ind2=" ">
			<subfield code="a">10.1515/9783111662831</subfield>
			<subfield code="2">doi</subfield>
		</datafield>
		<datafield tag="035" ind1=" " ind2=" ">
			<subfield code="a">(DE-B1597)64097</subfield>
		</datafield>
		<datafield tag="040" ind1=" " ind2=" ">
			<subfield code="a">DE-B1597</subfield>
			<subfield code="b">eng</subfield>
			<subfield code="c">DE-B1597</subfield>
			<subfield code="e">rda</subfield>
		</datafield>
		<datafield tag="041" ind1="0" ind2=" ">
			<subfield code="a">ger</subfield>
		</datafield>
		<datafield tag="044" ind1=" " ind2=" ">
			<subfield code="a">gw</subfield>
			<subfield code="c">DE</subfield>
		</datafield>
		<datafield tag="072" ind1=" " ind2="7">
			<subfield code="a">LAN009000</subfield>
			<subfield code="2">bisacsh</subfield>
		</datafield>
		<datafield tag="100" ind1="1" ind2=" ">
			<subfield code="a">Berschin, Helmut,</subfield>
			<subfield code="e">author.</subfield>
		</datafield>
		<datafield tag="245" ind1="1" ind2="0">
			<subfield code="a">Präteritum- und Perfektgebrauch im heutigen Spanisch /</subfield>
			<subfield code="c">Helmut Berschin.</subfield>
		</datafield>
		<datafield tag="250" ind1=" " ind2=" ">
			<subfield code="a">Reprint 2017</subfield>
		</datafield>
		<datafield tag="264" ind1=" " ind2="1">
			<subfield code="a">Berlin ;Boston : </subfield>
			<subfield code="b">De Gruyter Mouton, </subfield>
			<subfield code="c">[2018]</subfield>
		</datafield>
		<datafield tag="264" ind1=" " ind2="4">
			<subfield code="c">©1976</subfield>
		</datafield>
		<datafield tag="300" ind1=" " ind2=" ">
			<subfield code="a">1 online resource (190 p.):</subfield>
			<subfield code="b">Zahlr. Abb.</subfield>
		</datafield>
		<datafield tag="336" ind1=" " ind2=" ">
			<subfield code="a">text</subfield>
			<subfield code="b">txt</subfield>
			<subfield code="2">rdacontent</subfield>
		</datafield>
		<datafield tag="337" ind1=" " ind2=" ">
			<subfield code="a">computer</subfield>
			<subfield code="b">c</subfield>
			<subfield code="2">rdamedia</subfield>
		</datafield>
		<datafield tag="338" ind1=" " ind2=" ">
			<subfield code="a">online resource</subfield>
			<subfield code="b">cr</subfield>
			<subfield code="2">rdacarrier</subfield>
		</datafield>
		<datafield tag="347" ind1=" " ind2=" ">
			<subfield code="a">text file</subfield>
			<subfield code="b">PDF</subfield>
			<subfield code="2">rda</subfield>
		</datafield>
		<datafield tag="490" ind1="0" ind2=" ">
			<subfield code="a">Beihefte zur Zeitschrift für romanische Philologie ;</subfield>
			<subfield code="v">157</subfield>
		</datafield>
		<datafield tag="505" ind1="0" ind2="0">
			<subfield code="t">Frontmatter -- </subfield>
			<subfield code="t">INHALTSVERZEICHNIS -- </subfield>
			<subfield code="t">VORWORT -- </subfield>
			<subfield code="t">PROBLEMSTELLUNG -- </subfield>
			<subfield code="t">A. HEURISTISCHER TEIL -- </subfield>
			<subfield code="t">1. ALLGEMEINES -- </subfield>
			<subfield code="t">2. ABGRENZUNGSKRITERIEN -- </subfield>
			<subfield code="t">3. EXPLIKATION DER ABGRENZUNGSKRITERIEN -- </subfield>
			<subfield code="t">4. DAS ABGRENZUNGSPROBLEM IM AMERIKANISCHEN SPANISCH -- </subfield>
			<subfield code="t">5. ZUSAMMENFASSUNG DER ABGRENZUNGSTHEORIE -- </subfield>
			<subfield code="t">B. SYSTEMATISCHER TEIL -- </subfield>
			<subfield code="t">1. ALLGEMEINES ZUR HYPOTHESENPRÜFUNG -- </subfield>
			<subfield code="t">2. DAS KOMPATIBILITÄTSPROBLEM ZEITINDIKATOR-PRÄTERITUM/PERFEKT -- </subfield>
			<subfield code="t">3. PRÜFUNG DES R-KRITERIUMS -- </subfield>
			<subfield code="t">4. PRÜFUNG DES VZ-KRITERIUMS -- </subfield>
			<subfield code="t">5. ERGEBNIS DER HYPOTHESENPRÜFUNG -- </subfield>
			<subfield code="t">6. TESTANHANG -- </subfield>
			<subfield code="t">C. HISTORISCHER EXKURS -- </subfield>
			<subfield code="t">1. PROBLEMSTELLUNG -- </subfield>
			<subfield code="t">2. ENTSTEHUNG DER KLASSISCHEN ABGRENZUNGSTHEORIE -- </subfield>
			<subfield code="t">3. GRAMMATIKERANGABEN ZUM ABGRENZUNGSPROBLEM IM VORKLASSISCHEN SPANISCH -- </subfield>
			<subfield code="t">4. PRÄTERITUMPRÄFERENZ IN ZWEI TEXTEN DES VORKLASSISCHEN SPANISCH -- </subfield>
			<subfield code="t">5. BEWERTUNG DER ARCHAISMUSHYPOTHESE -- </subfield>
			<subfield code="t">NACHWORT -- </subfield>
			<subfield code="t">ANHANG -- </subfield>
			<subfield code="t">LITERATURVERZEICHNIS -- </subfield>
			<subfield code="t">AUTORENREGISTER -- </subfield>
			<subfield code="t">SACHREGISTER -- </subfield>
			<subfield code="t">WORTREGISTER</subfield>
		</datafield>
		<datafield tag="538" ind1=" " ind2=" ">
			<subfield code="a">Mode of access: Internet via World Wide Web.</subfield>
		</datafield>
		<datafield tag="546" ind1=" " ind2=" ">
			<subfield code="a">In German.</subfield>
		</datafield>
		<datafield tag="588" ind1="0" ind2=" ">
			<subfield code="a">Description based on online resource; title from PDF title page (publisher's Web site, viewed 27. Mrz 2018)</subfield>
		</datafield>
		<datafield tag="650" ind1=" " ind2="4">
			<subfield code="a">Perfektgebrauch.</subfield>
		</datafield>
		<datafield tag="650" ind1=" " ind2="4">
			<subfield code="a">Präteritum.</subfield>
		</datafield>
		<datafield tag="650" ind1=" " ind2="4">
			<subfield code="a">Spanisch.</subfield>
		</datafield>
		<datafield tag="776" ind1="0" ind2=" ">
			<subfield code="c">print</subfield>
			<subfield code="z">9783484520622</subfield>
		</datafield>
		<datafield tag="856" ind1="4" ind2="0">
			<subfield code="u">https://doi.org/10.1515/9783111662831</subfield>
		</datafield>
		<datafield tag="856" ind1="4" ind2="2">
			<subfield code="3">Cover</subfield>
			<subfield code="u">https://www.degruyter.com/doc/cover/9783111662831.jpg</subfield>
		</datafield>
		<datafield tag="912" ind1=" " ind2=" ">
			<subfield code="a">GBV-deGruyter-alles</subfield>
		</datafield>
		<datafield tag="912" ind1=" " ind2=" ">
			<subfield code="a">GBV-deGruyter-PDA11SSHE</subfield>
		</datafield>
		<datafield tag="912" ind1=" " ind2=" ">
			<subfield code="a">GBV-deGruyter-PDA14ALL</subfield>
		</datafield>
		<datafield tag="912" ind1=" " ind2=" ">
			<subfield code="a">GBV-deGruyter-PDA16SSH</subfield>
		</datafield>
		<datafield tag="912" ind1=" " ind2=" ">
			<subfield code="a">GBV-deGruyter-PDA1ALL</subfield>
		</datafield>
		<datafield tag="912" ind1=" " ind2=" ">
			<subfield code="a">GBV-deGruyter-PDA2</subfield>
		</datafield>
		<datafield tag="912" ind1=" " ind2=" ">
			<subfield code="a">GBV-deGruyter-PDA2HUM</subfield>
		</datafield>
		<datafield tag="912" ind1=" " ind2=" ">
			<subfield code="a">GBV-deGruyter-PDA5EBK</subfield>
		</datafield>
	</record>