
	<record xmlns="http://www.loc.gov/MARC21/slim">
		<leader>03733nam a22005295i 4500</leader>
		<controlfield tag="001">9783111688336</controlfield>
		<controlfield tag="003">DE-B1597</controlfield>
		<controlfield tag="005">20180327123002.0</controlfield>
		<controlfield tag="006">m|||||o||d||||||||</controlfield>
		<controlfield tag="007">cr || ||||||||</controlfield>
		<controlfield tag="008">180327s2018    gw     fo  d z      ger d</controlfield>
		<datafield tag="020" ind1=" " ind2=" ">
			<subfield code="a">9783111688336</subfield>
		</datafield>
		<datafield tag="024" ind1="7" ind2=" ">
			<subfield code="a">10.1515/9783111688336</subfield>
			<subfield code="2">doi</subfield>
		</datafield>
		<datafield tag="035" ind1=" " ind2=" ">
			<subfield code="a">(DE-B1597)76403</subfield>
		</datafield>
		<datafield tag="040" ind1=" " ind2=" ">
			<subfield code="a">DE-B1597</subfield>
			<subfield code="b">eng</subfield>
			<subfield code="c">DE-B1597</subfield>
			<subfield code="e">rda</subfield>
		</datafield>
		<datafield tag="041" ind1="0" ind2=" ">
			<subfield code="a">ger</subfield>
		</datafield>
		<datafield tag="044" ind1=" " ind2=" ">
			<subfield code="a">gw</subfield>
			<subfield code="c">DE</subfield>
		</datafield>
		<datafield tag="072" ind1=" " ind2="7">
			<subfield code="a">LAW000000</subfield>
			<subfield code="2">bisacsh</subfield>
		</datafield>
		<datafield tag="245" ind1="0" ind2="0">
			<subfield code="a">Allgemeine Gerichtsordnung für die Preussischen Staaten :</subfield>
			<subfield code="b">In Verbindung mit den dieselbe ergänzenden, abändernden und erläuternden Gesetzen, Königlichen Verordnungen und Justiz-Ministerial-Rescripten. </subfield>
			<subfield code="n">Band 4, </subfield>
			<subfield code="p">Theil II und Theil III ; so wie das Registratur- und Kanzleireglement und die Verordnungen über die einzureichenden Geschäftsübersichten /</subfield>
			<subfield code="c">A. J. Mannkopff.</subfield>
		</datafield>
		<datafield tag="250" ind1=" " ind2=" ">
			<subfield code="a">Reprint 2018</subfield>
		</datafield>
		<datafield tag="264" ind1=" " ind2="1">
			<subfield code="a">Berlin ;Boston : </subfield>
			<subfield code="b">De Gruyter, </subfield>
			<subfield code="c">[2018]</subfield>
		</datafield>
		<datafield tag="264" ind1=" " ind2="4">
			<subfield code="c">©1838</subfield>
		</datafield>
		<datafield tag="300" ind1=" " ind2=" ">
			<subfield code="a">1 online resource </subfield>
		</datafield>
		<datafield tag="336" ind1=" " ind2=" ">
			<subfield code="a">text</subfield>
			<subfield code="b">txt</subfield>
			<subfield code="2">rdacontent</subfield>
		</datafield>
		<datafield tag="337" ind1=" " ind2=" ">
			<subfield code="a">computer</subfield>
			<subfield code="b">c</subfield>
			<subfield code="2">rdamedia</subfield>
		</datafield>
		<datafield tag="338" ind1=" " ind2=" ">
			<subfield code="a">online resource</subfield>
			<subfield code="b">cr</subfield>
			<subfield code="2">rdacarrier</subfield>
		</datafield>
		<datafield tag="347" ind1=" " ind2=" ">
			<subfield code="a">text file</subfield>
			<subfield code="b">PDF</subfield>
			<subfield code="2">rda</subfield>
		</datafield>
		<datafield tag="490" ind1="0" ind2=" ">
			<subfield code="a">Allgemeine Gerichtsordnung für die Preussischen Staaten ;</subfield>
			<subfield code="v">Band 4</subfield>
		</datafield>
		<datafield tag="505" ind1="0" ind2="0">
			<subfield code="t">Frontmatter -- </subfield>
			<subfield code="t">Erster Titel. Von Handlungen der freiwilligen Gerichtsbarkeit überhaupt und was dazu gehöre -- </subfield>
			<subfield code="t">Zweiter Titel. Von dem Verfahren bei den Handlungen der freiwilligen Gerichtsbarkeit überhaupt -- </subfield>
			<subfield code="t">Dritter Titel. Von dem Verfahren bei Aufnehmung und Bestätigung der Verträge und anderer Verhandlungen unter Lebendigen -- </subfield>
			<subfield code="t">Vierter Titel. Von dem Verfahren bei Aufnehmung der Testamente und anderer letztwilliger Verordnungen -- </subfield>
			<subfield code="t">Fünfter Titel. Von dem Verfahren bei Siegelungen und Inventuren in Sterbefällen -- </subfield>
			<subfield code="t">Sechster Titel. Von dem Verfahren bei Aufnehmung gerichtlicher Taxen -- </subfield>
			<subfield code="t">Erster Titel. Von den Landesjustizkollegien überhaupt, deren Verrichtungen und Pflichten -- </subfield>
			<subfield code="t">Zweiter Titel. Von dem Amte der Präsidenten und Direktoren -- </subfield>
			<subfield code="t">Dritter Titel. Von dein Amte der Räthe bei den Justizkollegien -- </subfield>
			<subfield code="t">Vierter Titel. Von dem Amte der Referendarien und Auskultatoren -- </subfield>
			<subfield code="t">Fünfter Titel. Von den Subalternen bei den Justizkollegien -- </subfield>
			<subfield code="t">Sechster Titel. Von dem Amte der fiskalischen Bedienten -- </subfield>
			<subfield code="t">Siebenter Titel. Von dem Amte der Justizkommissarien und Notarien -- </subfield>
			<subfield code="t">Achter Titel. Von den Justizbedienten bei Untergerichten, und deren Pflichten -- </subfield>
			<subfield code="t">Allgemeines Registratur und Kanzlei-Reglement für sämmtliche Landes - Justizkollegia -- </subfield>
			<subfield code="t">Verordnungen Einreichung der Uebersichten und Tabellen über den Zustand der Justiz-Verwaltung -- </subfield>
			<subfield code="t">Beilage A. Haupt-Uebersicht Geschäfte -- </subfield>
			<subfield code="t">Beilage B. Uebersicht der Vertheilung -- </subfield>
			<subfield code="t">Beilage C und D. Uebersicht der Königlichen und aus Justiz-Fonds unterhaltenen -- </subfield>
			<subfield code="t">Beilage E. Haupt-Uebersicht der Geschäfte bei den Gerichten -- </subfield>
			<subfield code="t">Beilage F. General-Uebersichten -- </subfield>
			<subfield code="t">Beilage G. Formulare</subfield>
		</datafield>
		<datafield tag="538" ind1=" " ind2=" ">
			<subfield code="a">Mode of access: Internet via World Wide Web.</subfield>
		</datafield>
		<datafield tag="546" ind1=" " ind2=" ">
			<subfield code="a">In German.</subfield>
		</datafield>
		<datafield tag="588" ind1="0" ind2=" ">
			<subfield code="a">Description based on online resource; title from PDF title page (publisher's Web site, viewed 27. Mrz 2018)</subfield>
		</datafield>
		<datafield tag="700" ind1="1" ind2=" ">
			<subfield code="a">Mannkopff, A. J., </subfield>
			<subfield code="e">editor.</subfield>
		</datafield>
		<datafield tag="776" ind1="0" ind2=" ">
			<subfield code="c">print</subfield>
			<subfield code="z">9783111300962</subfield>
		</datafield>
		<datafield tag="856" ind1="4" ind2="0">
			<subfield code="u">https://doi.org/10.1515/9783111688336</subfield>
		</datafield>
		<datafield tag="856" ind1="4" ind2="2">
			<subfield code="3">Cover</subfield>
			<subfield code="u">https://www.degruyter.com/doc/cover/9783111688336.jpg</subfield>
		</datafield>
		<datafield tag="912" ind1=" " ind2=" ">
			<subfield code="a">GBV-deGruyter-alles</subfield>
		</datafield>
		<datafield tag="912" ind1=" " ind2=" ">
			<subfield code="a">GBV-deGruyter-PDA11SSHE</subfield>
		</datafield>
		<datafield tag="912" ind1=" " ind2=" ">
			<subfield code="a">GBV-deGruyter-PDA12STME</subfield>
		</datafield>
		<datafield tag="912" ind1=" " ind2=" ">
			<subfield code="a">GBV-deGruyter-PDA14ALL</subfield>
		</datafield>
		<datafield tag="912" ind1=" " ind2=" ">
			<subfield code="a">GBV-deGruyter-PDA15STM</subfield>
		</datafield>
		<datafield tag="912" ind1=" " ind2=" ">
			<subfield code="a">GBV-deGruyter-PDA16SSH</subfield>
		</datafield>
		<datafield tag="912" ind1=" " ind2=" ">
			<subfield code="a">GBV-deGruyter-PDA1ALL</subfield>
		</datafield>
		<datafield tag="912" ind1=" " ind2=" ">
			<subfield code="a">GBV-deGruyter-PDA2</subfield>
		</datafield>
		<datafield tag="912" ind1=" " ind2=" ">
			<subfield code="a">GBV-deGruyter-PDA2HUM</subfield>
		</datafield>
		<datafield tag="912" ind1=" " ind2=" ">
			<subfield code="a">GBV-deGruyter-PDA3STM</subfield>
		</datafield>
		<datafield tag="912" ind1=" " ind2=" ">
			<subfield code="a">GBV-deGruyter-PDA5EBK</subfield>
		</datafield>
	</record>