
	<record xmlns="http://www.loc.gov/MARC21/slim">
		<leader>02837nam a22005295i 4500</leader>
		<controlfield tag="001">9783111710747</controlfield>
		<controlfield tag="003">DE-B1597</controlfield>
		<controlfield tag="005">20180327123002.0</controlfield>
		<controlfield tag="006">m|||||o||d||||||||</controlfield>
		<controlfield tag="007">cr || ||||||||</controlfield>
		<controlfield tag="008">180327s2018    gw     fo  d z      ger d</controlfield>
		<datafield tag="020" ind1=" " ind2=" ">
			<subfield code="a">9783111710747</subfield>
		</datafield>
		<datafield tag="024" ind1="7" ind2=" ">
			<subfield code="a">10.1515/9783111710747</subfield>
			<subfield code="2">doi</subfield>
		</datafield>
		<datafield tag="035" ind1=" " ind2=" ">
			<subfield code="a">(DE-B1597)64085</subfield>
		</datafield>
		<datafield tag="040" ind1=" " ind2=" ">
			<subfield code="a">DE-B1597</subfield>
			<subfield code="b">eng</subfield>
			<subfield code="c">DE-B1597</subfield>
			<subfield code="e">rda</subfield>
		</datafield>
		<datafield tag="041" ind1="0" ind2=" ">
			<subfield code="a">ger</subfield>
		</datafield>
		<datafield tag="044" ind1=" " ind2=" ">
			<subfield code="a">gw</subfield>
			<subfield code="c">DE</subfield>
		</datafield>
		<datafield tag="072" ind1=" " ind2="7">
			<subfield code="a">LAN009000</subfield>
			<subfield code="2">bisacsh</subfield>
		</datafield>
		<datafield tag="100" ind1="1" ind2=" ">
			<subfield code="a">Hausmann, Franz Josef,</subfield>
			<subfield code="e">author.</subfield>
		</datafield>
		<datafield tag="245" ind1="1" ind2="0">
			<subfield code="a">Studien zu einer Linguistik des Wortspiels :</subfield>
			<subfield code="b">Das Wortspiel im "Canard enchaîné" /</subfield>
			<subfield code="c">Franz Josef Hausmann.</subfield>
		</datafield>
		<datafield tag="250" ind1=" " ind2=" ">
			<subfield code="a">Reprint 2017</subfield>
		</datafield>
		<datafield tag="264" ind1=" " ind2="1">
			<subfield code="a">Tübingen : </subfield>
			<subfield code="b">Max Niemeyer Verlag, </subfield>
			<subfield code="c">[2018]</subfield>
		</datafield>
		<datafield tag="264" ind1=" " ind2="4">
			<subfield code="c">©1974</subfield>
		</datafield>
		<datafield tag="300" ind1=" " ind2=" ">
			<subfield code="a">1 online resource (176 p.):</subfield>
			<subfield code="b">Zahlr. Abb.</subfield>
		</datafield>
		<datafield tag="336" ind1=" " ind2=" ">
			<subfield code="a">text</subfield>
			<subfield code="b">txt</subfield>
			<subfield code="2">rdacontent</subfield>
		</datafield>
		<datafield tag="337" ind1=" " ind2=" ">
			<subfield code="a">computer</subfield>
			<subfield code="b">c</subfield>
			<subfield code="2">rdamedia</subfield>
		</datafield>
		<datafield tag="338" ind1=" " ind2=" ">
			<subfield code="a">online resource</subfield>
			<subfield code="b">cr</subfield>
			<subfield code="2">rdacarrier</subfield>
		</datafield>
		<datafield tag="347" ind1=" " ind2=" ">
			<subfield code="a">text file</subfield>
			<subfield code="b">PDF</subfield>
			<subfield code="2">rda</subfield>
		</datafield>
		<datafield tag="490" ind1="0" ind2=" ">
			<subfield code="a">Beihefte zur Zeitschrift für romanische Philologie ;</subfield>
			<subfield code="v">143</subfield>
		</datafield>
		<datafield tag="505" ind1="0" ind2="0">
			<subfield code="t">Frontmatter -- </subfield>
			<subfield code="t">VORWORT -- </subfield>
			<subfield code="t">INHALT -- </subfield>
			<subfield code="t">ABKÜRZUNGEN -- </subfield>
			<subfield code="t">1. STAND DER WORTSPIELFORSCHUNG -- </subfield>
			<subfield code="t">2. DER 'CANARD ENCHAINE'. VORSTELLUNG DES KORPUS -- </subfield>
			<subfield code="t">3. WORTSPIEL ALS ANOMALIE UND KOMMUNIKATION -- </subfield>
			<subfield code="t">4. GRUNDLEGUNG EINER SPRACHWISSENSCHAFTLICHEN BESCHREIBUNG DES WORTSPIELS (DER KOMPLEXE TEXT) -- </subfield>
			<subfield code="t">5. DAS SPIEL MIT DEM SIGNIFIANT -- </subfield>
			<subfield code="t">6. DAS SPIEL MIT DEM SIGNIFIANT:DAS KOMPLEXE LEXEM -- </subfield>
			<subfield code="t">7. DAS SPIEL MIT DEM SIGNIFIANT: Die KOMPLEXE LEXIE -- </subfield>
			<subfield code="t">8. EXKURS: ZUR PHONOSTILISTIK DES WORTSPIELS -- </subfield>
			<subfield code="t">9. ZWISCHENERGEBNIS: SYSTEM DER WORTSPIELTYPEN -- </subfield>
			<subfield code="t">10. DAS SPIEL MIT DEM SIGNIFIÉ -- </subfield>
			<subfield code="t">11. EXKURS: PARODIE UND VERFREMDUNG ALS BESCHREIBUNGSKATEGORIE DES WORTSPIELS. DIE ROLLE DER LEXIE -- </subfield>
			<subfield code="t">12. SEMASIOLOGIE DES WORTSPIELS -- </subfield>
			<subfield code="t">13. EXEMPLARISCHE WORTSPIELANALYSEN -- </subfield>
			<subfield code="t">14. ERGEBNISSE -- </subfield>
			<subfield code="t">15. ANHANG I: SACHLICHE ERLÄUTERUNGEN ZU EINZELNEN WORTSPIELEN -- </subfield>
			<subfield code="t">16. ANHANG II: BEITRAG ZU EINER SYSTEMATISCHEN BIBLIOGRAPHIE DES WORTSPIELS -- </subfield>
			<subfield code="t">17. LITERATURVERZEICHNIS -- </subfield>
			<subfield code="t">18. AUTORENVERZEICHNIS -- </subfield>
			<subfield code="t">19. SACHREGISTER -- </subfield>
			<subfield code="t">20. WORTREGISTER</subfield>
		</datafield>
		<datafield tag="538" ind1=" " ind2=" ">
			<subfield code="a">Mode of access: Internet via World Wide Web.</subfield>
		</datafield>
		<datafield tag="546" ind1=" " ind2=" ">
			<subfield code="a">In German.</subfield>
		</datafield>
		<datafield tag="588" ind1="0" ind2=" ">
			<subfield code="a">Description based on online resource; title from PDF title page (publisher's Web site, viewed 27. Mrz 2018)</subfield>
		</datafield>
		<datafield tag="650" ind1=" " ind2="4">
			<subfield code="a">Französisch.</subfield>
		</datafield>
		<datafield tag="650" ind1=" " ind2="4">
			<subfield code="a">Le canard enchaîné.</subfield>
		</datafield>
		<datafield tag="650" ind1=" " ind2="4">
			<subfield code="a">Wortspiel.</subfield>
		</datafield>
		<datafield tag="776" ind1="0" ind2=" ">
			<subfield code="c">print</subfield>
			<subfield code="z">9783484520486</subfield>
		</datafield>
		<datafield tag="856" ind1="4" ind2="0">
			<subfield code="u">https://doi.org/10.1515/9783111710747</subfield>
		</datafield>
		<datafield tag="856" ind1="4" ind2="2">
			<subfield code="3">Cover</subfield>
			<subfield code="u">https://www.degruyter.com/doc/cover/9783111710747.jpg</subfield>
		</datafield>
		<datafield tag="912" ind1=" " ind2=" ">
			<subfield code="a">GBV-deGruyter-alles</subfield>
		</datafield>
		<datafield tag="912" ind1=" " ind2=" ">
			<subfield code="a">GBV-deGruyter-PDA11SSHE</subfield>
		</datafield>
		<datafield tag="912" ind1=" " ind2=" ">
			<subfield code="a">GBV-deGruyter-PDA14ALL</subfield>
		</datafield>
		<datafield tag="912" ind1=" " ind2=" ">
			<subfield code="a">GBV-deGruyter-PDA16SSH</subfield>
		</datafield>
		<datafield tag="912" ind1=" " ind2=" ">
			<subfield code="a">GBV-deGruyter-PDA1ALL</subfield>
		</datafield>
		<datafield tag="912" ind1=" " ind2=" ">
			<subfield code="a">GBV-deGruyter-PDA2</subfield>
		</datafield>
		<datafield tag="912" ind1=" " ind2=" ">
			<subfield code="a">GBV-deGruyter-PDA2HUM</subfield>
		</datafield>
		<datafield tag="912" ind1=" " ind2=" ">
			<subfield code="a">GBV-deGruyter-PDA5EBK</subfield>
		</datafield>
	</record>