
	<record xmlns="http://www.loc.gov/MARC21/slim">
		<leader>02033nam a22004935i 4500</leader>
		<controlfield tag="001">9783111730042</controlfield>
		<controlfield tag="003">DE-B1597</controlfield>
		<controlfield tag="005">20180327123002.0</controlfield>
		<controlfield tag="006">m|||||o||d||||||||</controlfield>
		<controlfield tag="007">cr || ||||||||</controlfield>
		<controlfield tag="008">180327s2018    gw     fo  d z      ger d</controlfield>
		<datafield tag="020" ind1=" " ind2=" ">
			<subfield code="a">9783111730042</subfield>
		</datafield>
		<datafield tag="024" ind1="7" ind2=" ">
			<subfield code="a">10.1515/9783111730042</subfield>
			<subfield code="2">doi</subfield>
		</datafield>
		<datafield tag="035" ind1=" " ind2=" ">
			<subfield code="a">(DE-B1597)80343</subfield>
		</datafield>
		<datafield tag="040" ind1=" " ind2=" ">
			<subfield code="a">DE-B1597</subfield>
			<subfield code="b">eng</subfield>
			<subfield code="c">DE-B1597</subfield>
			<subfield code="e">rda</subfield>
		</datafield>
		<datafield tag="041" ind1="0" ind2=" ">
			<subfield code="a">ger</subfield>
		</datafield>
		<datafield tag="044" ind1=" " ind2=" ">
			<subfield code="a">gw</subfield>
			<subfield code="c">DE</subfield>
		</datafield>
		<datafield tag="072" ind1=" " ind2="7">
			<subfield code="a">REL000000</subfield>
			<subfield code="2">bisacsh</subfield>
		</datafield>
		<datafield tag="072" ind1=" " ind2="7">
			<subfield code="a">REL102000</subfield>
			<subfield code="2">bisacsh</subfield>
		</datafield>
		<datafield tag="100" ind1="1" ind2=" ">
			<subfield code="a">Meier, Friedrich Karl,</subfield>
			<subfield code="e">author.</subfield>
		</datafield>
		<datafield tag="245" ind1="1" ind2="0">
			<subfield code="a">Kommentar über den Brief Pauli an die Epheser /</subfield>
			<subfield code="c">Friedrich Karl Meier.</subfield>
		</datafield>
		<datafield tag="250" ind1=" " ind2=" ">
			<subfield code="a">Reprint 2018</subfield>
		</datafield>
		<datafield tag="264" ind1=" " ind2="1">
			<subfield code="a">Berlin ;Boston : </subfield>
			<subfield code="b">De Gruyter, </subfield>
			<subfield code="c">[2018]</subfield>
		</datafield>
		<datafield tag="264" ind1=" " ind2="4">
			<subfield code="c">©1834</subfield>
		</datafield>
		<datafield tag="300" ind1=" " ind2=" ">
			<subfield code="a">1 online resource (239 p.)</subfield>
		</datafield>
		<datafield tag="336" ind1=" " ind2=" ">
			<subfield code="a">text</subfield>
			<subfield code="b">txt</subfield>
			<subfield code="2">rdacontent</subfield>
		</datafield>
		<datafield tag="337" ind1=" " ind2=" ">
			<subfield code="a">computer</subfield>
			<subfield code="b">c</subfield>
			<subfield code="2">rdamedia</subfield>
		</datafield>
		<datafield tag="338" ind1=" " ind2=" ">
			<subfield code="a">online resource</subfield>
			<subfield code="b">cr</subfield>
			<subfield code="2">rdacarrier</subfield>
		</datafield>
		<datafield tag="347" ind1=" " ind2=" ">
			<subfield code="a">text file</subfield>
			<subfield code="b">PDF</subfield>
			<subfield code="2">rda</subfield>
		</datafield>
		<datafield tag="505" ind1="0" ind2="0">
			<subfield code="t">Frontmatter -- </subfield>
			<subfield code="t">Vorwort -- </subfield>
			<subfield code="t">Allgemeine Übersicht des Inhaltes -- </subfield>
			<subfield code="t">I. Der Kommentar -- </subfield>
			<subfield code="t">Erstes Kapitel -- </subfield>
			<subfield code="t">Zweites Kapitel -- </subfield>
			<subfield code="t">Drittes Kapitel -- </subfield>
			<subfield code="t">Viertes Kapitel -- </subfield>
			<subfield code="t">Fünftes Kapitel -- </subfield>
			<subfield code="t">Sechstes Kapitel -- </subfield>
			<subfield code="t">II. Die Übersetzung -- </subfield>
			<subfield code="t">Erstes Kapitel -- </subfield>
			<subfield code="t">Zweites Kapitel -- </subfield>
			<subfield code="t">Drittes Kapitel -- </subfield>
			<subfield code="t">Viertes Kapitel -- </subfield>
			<subfield code="t">Fünftes Kapitel -- </subfield>
			<subfield code="t">Sechstes Kapitel -- </subfield>
			<subfield code="t">III. Erörterungen über das Ganze des Briefes</subfield>
		</datafield>
		<datafield tag="538" ind1=" " ind2=" ">
			<subfield code="a">Mode of access: Internet via World Wide Web.</subfield>
		</datafield>
		<datafield tag="546" ind1=" " ind2=" ">
			<subfield code="a">In German.</subfield>
		</datafield>
		<datafield tag="588" ind1="0" ind2=" ">
			<subfield code="a">Description based on online resource; title from PDF title page (publisher's Web site, viewed 27. Mrz 2018)</subfield>
		</datafield>
		<datafield tag="776" ind1="0" ind2=" ">
			<subfield code="c">print</subfield>
			<subfield code="z">9783111131689</subfield>
		</datafield>
		<datafield tag="856" ind1="4" ind2="0">
			<subfield code="u">https://doi.org/10.1515/9783111730042</subfield>
		</datafield>
		<datafield tag="856" ind1="4" ind2="2">
			<subfield code="3">Cover</subfield>
			<subfield code="u">https://www.degruyter.com/doc/cover/9783111730042.jpg</subfield>
		</datafield>
		<datafield tag="912" ind1=" " ind2=" ">
			<subfield code="a">GBV-deGruyter-alles</subfield>
		</datafield>
		<datafield tag="912" ind1=" " ind2=" ">
			<subfield code="a">GBV-deGruyter-PDA11SSHE</subfield>
		</datafield>
		<datafield tag="912" ind1=" " ind2=" ">
			<subfield code="a">GBV-deGruyter-PDA14ALL</subfield>
		</datafield>
		<datafield tag="912" ind1=" " ind2=" ">
			<subfield code="a">GBV-deGruyter-PDA16SSH</subfield>
		</datafield>
		<datafield tag="912" ind1=" " ind2=" ">
			<subfield code="a">GBV-deGruyter-PDA1ALL</subfield>
		</datafield>
		<datafield tag="912" ind1=" " ind2=" ">
			<subfield code="a">GBV-deGruyter-PDA2</subfield>
		</datafield>
		<datafield tag="912" ind1=" " ind2=" ">
			<subfield code="a">GBV-deGruyter-PDA2HUM</subfield>
		</datafield>
		<datafield tag="912" ind1=" " ind2=" ">
			<subfield code="a">GBV-deGruyter-PDA5EBK</subfield>
		</datafield>
	</record>