
	<record xmlns="http://www.loc.gov/MARC21/slim">
		<leader>05167nam a22005775i 4500</leader>
		<controlfield tag="001">9783486594171</controlfield>
		<controlfield tag="003">DE-B1597</controlfield>
		<controlfield tag="005">20180327123002.0</controlfield>
		<controlfield tag="006">m|||||o||d||||||||</controlfield>
		<controlfield tag="007">cr || ||||||||</controlfield>
		<controlfield tag="008">180327s2009    gw     fo  d z      ger d</controlfield>
		<datafield tag="020" ind1=" " ind2=" ">
			<subfield code="a">9783486594171</subfield>
		</datafield>
		<datafield tag="024" ind1="7" ind2=" ">
			<subfield code="a">10.1515/9783486594171</subfield>
			<subfield code="2">doi</subfield>
		</datafield>
		<datafield tag="035" ind1=" " ind2=" ">
			<subfield code="a">(DE-B1597)224473</subfield>
		</datafield>
		<datafield tag="040" ind1=" " ind2=" ">
			<subfield code="a">DE-B1597</subfield>
			<subfield code="b">eng</subfield>
			<subfield code="c">DE-B1597</subfield>
			<subfield code="e">rda</subfield>
		</datafield>
		<datafield tag="041" ind1="0" ind2=" ">
			<subfield code="a">ger</subfield>
		</datafield>
		<datafield tag="044" ind1=" " ind2=" ">
			<subfield code="a">gw</subfield>
			<subfield code="c">DE</subfield>
		</datafield>
		<datafield tag="050" ind1=" " ind2="4">
			<subfield code="a">DD65.T7 1989</subfield>
		</datafield>
		<datafield tag="072" ind1=" " ind2="7">
			<subfield code="a">HIS000000</subfield>
			<subfield code="2">bisacsh</subfield>
		</datafield>
		<datafield tag="072" ind1=" " ind2="7">
			<subfield code="a">HIS037030</subfield>
			<subfield code="2">bisacsh</subfield>
		</datafield>
		<datafield tag="082" ind1="0" ind2="4">
			<subfield code="a">943/.05</subfield>
		</datafield>
		<datafield tag="245" ind1="0" ind2="0">
			<subfield code="a">Tradition, Norm, Innovation :</subfield>
			<subfield code="b">Soziales und literarisches Traditionsverhalten in der Frühzeit der deutschen Aufklärung /</subfield>
			<subfield code="c">Winfried Barner.</subfield>
		</datafield>
		<datafield tag="250" ind1=" " ind2=" ">
			<subfield code="a">Reprint 2018</subfield>
		</datafield>
		<datafield tag="264" ind1=" " ind2="1">
			<subfield code="a">Berlin ;Boston : </subfield>
			<subfield code="b">Oldenbourg Wissenschaftsverlag, </subfield>
			<subfield code="c">[2009]</subfield>
		</datafield>
		<datafield tag="264" ind1=" " ind2="4">
			<subfield code="c">©1989</subfield>
		</datafield>
		<datafield tag="300" ind1=" " ind2=" ">
			<subfield code="a">1 online resource (394 p.)</subfield>
		</datafield>
		<datafield tag="336" ind1=" " ind2=" ">
			<subfield code="a">text</subfield>
			<subfield code="b">txt</subfield>
			<subfield code="2">rdacontent</subfield>
		</datafield>
		<datafield tag="337" ind1=" " ind2=" ">
			<subfield code="a">computer</subfield>
			<subfield code="b">c</subfield>
			<subfield code="2">rdamedia</subfield>
		</datafield>
		<datafield tag="338" ind1=" " ind2=" ">
			<subfield code="a">online resource</subfield>
			<subfield code="b">cr</subfield>
			<subfield code="2">rdacarrier</subfield>
		</datafield>
		<datafield tag="347" ind1=" " ind2=" ">
			<subfield code="a">text file</subfield>
			<subfield code="b">PDF</subfield>
			<subfield code="2">rda</subfield>
		</datafield>
		<datafield tag="490" ind1="0" ind2=" ">
			<subfield code="a">Schriften des Historischen Kollegs ;</subfield>
			<subfield code="v">15</subfield>
		</datafield>
		<datafield tag="505" ind1="0" ind2="0">
			<subfield code="t">Frontmatter -- </subfield>
			<subfield code="t">Inhalt -- </subfield>
			<subfield code="t">Einleitung -- </subfield>
			<subfield code="t">Verzeichnis Der Tagungsteilnehmer -- </subfield>
			<subfield code="t">I. Reich Und Europäische Politik -- </subfield>
			<subfield code="t">Tradition Und Innovation In Der Reichspublizistik Nach 1648 / </subfield>
			<subfield code="r">Stolleis, Michael -- </subfield>
			<subfield code="t">Kommentar Zum Beitrag M. Stolleis / </subfield>
			<subfield code="r">Wiehert, Adalbert -- </subfield>
			<subfield code="t">Diskussionsbericht -- </subfield>
			<subfield code="t">II. Literaturmodelle Und Reformen -- </subfield>
			<subfield code="t">Vom Universalen Zum Nationalen Literaturmodell Im Deutsch-Französischen Konkurrenzkampf (1680-1770) / </subfield>
			<subfield code="r">Fink, Gonthier-Louis -- </subfield>
			<subfield code="t">Kommentar Zum Beitrag G.-L. Fink / </subfield>
			<subfield code="r">Anz, Thomas -- </subfield>
			<subfield code="t">Diskussionsbericht -- </subfield>
			<subfield code="t">Literarische Norm Und Autonomie. Individualitätsspielräume In Der Modernisierten Literaturgesellschaft Des 18. Jahrhunderts / </subfield>
			<subfield code="r">Anz, Thomas -- </subfield>
			<subfield code="t">Kommentar / </subfield>
			<subfield code="r">Voßkamp, Wilhelm -- </subfield>
			<subfield code="t">Diskussionsbericht -- </subfield>
			<subfield code="t">Die Entdeckung Des Ich In Der Lyrik. Von Der Nachahmung Zum Ausdruck Der Affekte / </subfield>
			<subfield code="r">Guthke, Karl S. -- </subfield>
			<subfield code="t">Kommentar / </subfield>
			<subfield code="r">Martens, Wolfgang -- </subfield>
			<subfield code="t">Diskussionsbericht -- </subfield>
			<subfield code="t">Modernität Und Traditionalität In Gottscheds Theaterreform / </subfield>
			<subfield code="r">Krebs, Roland -- </subfield>
			<subfield code="t">Kommentar / </subfield>
			<subfield code="r">Braungart, Georg -- </subfield>
			<subfield code="t">Diskussionsbericht -- </subfield>
			<subfield code="t">III. Literarisch-Soziale Spiegelungen -- </subfield>
			<subfield code="t">Vom „Friedewünschenden Teutschland" Zum „Bedrängten Deutschland": Die Schicksale Der .Deutschen" Tradition In Der Deutschen Literatur Vom Barock Bis Zur Aufklärung / </subfield>
			<subfield code="r">Menhennet, Alan -- </subfield>
			<subfield code="t">Kommentar / </subfield>
			<subfield code="r">Frühsorge, Gotthardt -- </subfield>
			<subfield code="t">Diskussionsbericht -- </subfield>
			<subfield code="t">,Landleben': Vom Paradies-Bericht Zum Natur-Erlebnis. Entwicklungsphasen Literarisierter Lebenspraxis / </subfield>
			<subfield code="r">Frühsorge, Gotthardt -- </subfield>
			<subfield code="t">Kommentar / </subfield>
			<subfield code="r">Zorn, Wolfgang -- </subfield>
			<subfield code="t">Diskussionsbericht -- </subfield>
			<subfield code="t">Die Vater-Herrschaft In Der Früh-Aufklärerischen Literatur / </subfield>
			<subfield code="r">Serensen, Bengt Algot -- </subfield>
			<subfield code="t">Kommentar / </subfield>
			<subfield code="r">Herrmann, Ulrich -- </subfield>
			<subfield code="t">Diskussionsbericht -- </subfield>
			<subfield code="t">Frommer Widerspruch. Pietistische Parodien Auf Oden Der Frühen Aufklärungszeit / </subfield>
			<subfield code="r">Martens, Wolfgang -- </subfield>
			<subfield code="t">Kommentar / </subfield>
			<subfield code="r">Guthke, Karl S. -- </subfield>
			<subfield code="t">Diskussionsbericht -- </subfield>
			<subfield code="t">IV. Bildung Und Wissenschaft -- </subfield>
			<subfield code="t">„Kinderzucht" Oder „Pädagogik"? Traditionelle Normierungen Der Erziehung Und Unterweisung Und Die Innovative Pädagogische Lebensalter-Konzeption In Der Pädagogischen Anthropologie Des 18. Jahrhunderts / </subfield>
			<subfield code="r">Herrmann, Ulrich -- </subfield>
			<subfield code="t">Kommentar / </subfield>
			<subfield code="r">Begemann, Christian -- </subfield>
			<subfield code="t">Diskussionsbericht -- </subfield>
			<subfield code="t">Die Deutschen Universitäten Im Sozialgefüge Des Absolutistischen Fürstenstaates. Zwischen Scholastischer Tradition, Normativer Wissenschaftsorganisation, Adeligen Und Bürgerlichen Bildungsansprüchen / </subfield>
			<subfield code="r">Boehrn, Laetitia -- </subfield>
			<subfield code="t">Kommentar / </subfield>
			<subfield code="r">von Aretin, Karl Otmar Freiherr -- </subfield>
			<subfield code="t">Diskussionsbericht -- </subfield>
			<subfield code="t">Der Wandel Der Wissenschafts-Hierarchie Und Das Bürgerliche Selbstbewußtsein. Anmerkungen Zur Aufgeklärten Universitäts- Landschaft / </subfield>
			<subfield code="r">Hammerstein, Notker -- </subfield>
			<subfield code="t">Kommentar / </subfield>
			<subfield code="r">Schmidt-Biggemann, Wilhelm -- </subfield>
			<subfield code="t">Diskussionsbericht -- </subfield>
			<subfield code="t">In Nullius Verba Iurare Magistri. Uber Die Reichweite Des Eklektizismus / </subfield>
			<subfield code="r">Schmidt-Biggemann, Wilhelm -- </subfield>
			<subfield code="t">Kommentar / </subfield>
			<subfield code="r">Hammerstein, Notker -- </subfield>
			<subfield code="t">Diskussionsbericht -- </subfield>
			<subfield code="t">V. Rückgriff Und Vorgriff Der Kunst -- </subfield>
			<subfield code="t">Chodowieckis Darstellung Der Gefühle Und Der Wandel Des Bildbegriffes Nach Der Mitte Des 18 Jahrhunderts / </subfield>
			<subfield code="r">Busch, Werner -- </subfield>
			<subfield code="t">Kommentar / </subfield>
			<subfield code="r">Wiedemann, Conrad -- </subfield>
			<subfield code="t">Diskussionsbericht -- </subfield>
			<subfield code="t">Bericht Über Die Abschlußdiskussion -- </subfield>
			<subfield code="t">Register -- </subfield>
			<subfield code="t">Orts- Und Länderregister -- </subfield>
			<subfield code="t">Sachregister</subfield>
		</datafield>
		<datafield tag="538" ind1=" " ind2=" ">
			<subfield code="a">Mode of access: Internet via World Wide Web.</subfield>
		</datafield>
		<datafield tag="546" ind1=" " ind2=" ">
			<subfield code="a">In German.</subfield>
		</datafield>
		<datafield tag="588" ind1="0" ind2=" ">
			<subfield code="a">Description based on online resource; title from PDF title page (publisher's Web site, viewed 27. Mrz 2018)</subfield>
		</datafield>
		<datafield tag="650" ind1=" " ind2="4">
			<subfield code="a">Aufklärung.</subfield>
		</datafield>
		<datafield tag="650" ind1=" " ind2="4">
			<subfield code="a">Deutsch.</subfield>
		</datafield>
		<datafield tag="650" ind1=" " ind2="4">
			<subfield code="a">Geistesgeschichte.</subfield>
		</datafield>
		<datafield tag="650" ind1=" " ind2="4">
			<subfield code="a">Literatur.</subfield>
		</datafield>
		<datafield tag="700" ind1="1" ind2=" ">
			<subfield code="a">Barner, Winfried, </subfield>
			<subfield code="e">editor.</subfield>
		</datafield>
		<datafield tag="700" ind1="1" ind2=" ">
			<subfield code="a">Müller-Luckner, Elisabeth.</subfield>
		</datafield>
		<datafield tag="776" ind1="0" ind2=" ">
			<subfield code="c">print</subfield>
			<subfield code="z">9783486547719</subfield>
		</datafield>
		<datafield tag="856" ind1="4" ind2="0">
			<subfield code="u">https://www.degruyter.com/doi/book/10.1515/9783486594171</subfield>
		</datafield>
		<datafield tag="856" ind1="4" ind2="2">
			<subfield code="3">Cover</subfield>
			<subfield code="u">https://www.degruyter.com/doc/cover/9783486594171.jpg</subfield>
		</datafield>
		<datafield tag="912" ind1=" " ind2=" ">
			<subfield code="a">GBV-deGruyter-alles</subfield>
		</datafield>
		<datafield tag="912" ind1=" " ind2=" ">
			<subfield code="a">GBV-deGruyter-PDA11SSHE</subfield>
		</datafield>
		<datafield tag="912" ind1=" " ind2=" ">
			<subfield code="a">GBV-deGruyter-PDA14ALL</subfield>
		</datafield>
		<datafield tag="912" ind1=" " ind2=" ">
			<subfield code="a">GBV-deGruyter-PDA16SSH</subfield>
		</datafield>
		<datafield tag="912" ind1=" " ind2=" ">
			<subfield code="a">GBV-deGruyter-PDA1ALL</subfield>
		</datafield>
		<datafield tag="912" ind1=" " ind2=" ">
			<subfield code="a">GBV-deGruyter-PDA2HUM</subfield>
		</datafield>
		<datafield tag="912" ind1=" " ind2=" ">
			<subfield code="a">GBV-deGruyter-PDA5EBK</subfield>
		</datafield>
	</record>