
	<record xmlns="http://www.loc.gov/MARC21/slim">
		<leader>03839nam a22005655i 4500</leader>
		<controlfield tag="001">9783486595949</controlfield>
		<controlfield tag="003">DE-B1597</controlfield>
		<controlfield tag="005">20180327123002.0</controlfield>
		<controlfield tag="006">m|||||o||d||||||||</controlfield>
		<controlfield tag="007">cr || ||||||||</controlfield>
		<controlfield tag="008">180327s1998    gw     fo  d z      ger d</controlfield>
		<datafield tag="020" ind1=" " ind2=" ">
			<subfield code="a">9783486595949</subfield>
		</datafield>
		<datafield tag="024" ind1="7" ind2=" ">
			<subfield code="a">10.1515/9783486595949</subfield>
			<subfield code="2">doi</subfield>
		</datafield>
		<datafield tag="035" ind1=" " ind2=" ">
			<subfield code="a">(DE-B1597)226267</subfield>
		</datafield>
		<datafield tag="040" ind1=" " ind2=" ">
			<subfield code="a">DE-B1597</subfield>
			<subfield code="b">eng</subfield>
			<subfield code="c">DE-B1597</subfield>
			<subfield code="e">rda</subfield>
		</datafield>
		<datafield tag="041" ind1="0" ind2=" ">
			<subfield code="a">ger</subfield>
		</datafield>
		<datafield tag="044" ind1=" " ind2=" ">
			<subfield code="a">gw</subfield>
			<subfield code="c">DE</subfield>
		</datafield>
		<datafield tag="050" ind1=" " ind2="4">
			<subfield code="a">DK267.S69523 1998</subfield>
		</datafield>
		<datafield tag="072" ind1=" " ind2="7">
			<subfield code="a">HIS000000</subfield>
			<subfield code="2">bisacsh</subfield>
		</datafield>
		<datafield tag="072" ind1=" " ind2="7">
			<subfield code="a">HIS037070</subfield>
			<subfield code="2">bisacsh</subfield>
		</datafield>
		<datafield tag="082" ind1="0" ind2="4">
			<subfield code="a">947.084/2</subfield>
		</datafield>
		<datafield tag="245" ind1="0" ind2="0">
			<subfield code="a">Stalinismus vor dem Zweiten Weltkrieg / Stalinism before the Second World War :</subfield>
			<subfield code="b">Neue Wege der Forschung / New Avenues of Research /</subfield>
			<subfield code="c">Manfred Hildermeier.</subfield>
		</datafield>
		<datafield tag="250" ind1=" " ind2=" ">
			<subfield code="a">Reprint 2018</subfield>
		</datafield>
		<datafield tag="264" ind1=" " ind2="1">
			<subfield code="a">Berlin ;Boston : </subfield>
			<subfield code="b">Oldenbourg Wissenschaftsverlag, </subfield>
			<subfield code="c">[1998]</subfield>
		</datafield>
		<datafield tag="264" ind1=" " ind2="4">
			<subfield code="c">©1998</subfield>
		</datafield>
		<datafield tag="300" ind1=" " ind2=" ">
			<subfield code="a">1 online resource (359 p.):</subfield>
			<subfield code="b">1 Kte</subfield>
		</datafield>
		<datafield tag="336" ind1=" " ind2=" ">
			<subfield code="a">text</subfield>
			<subfield code="b">txt</subfield>
			<subfield code="2">rdacontent</subfield>
		</datafield>
		<datafield tag="337" ind1=" " ind2=" ">
			<subfield code="a">computer</subfield>
			<subfield code="b">c</subfield>
			<subfield code="2">rdamedia</subfield>
		</datafield>
		<datafield tag="338" ind1=" " ind2=" ">
			<subfield code="a">online resource</subfield>
			<subfield code="b">cr</subfield>
			<subfield code="2">rdacarrier</subfield>
		</datafield>
		<datafield tag="347" ind1=" " ind2=" ">
			<subfield code="a">text file</subfield>
			<subfield code="b">PDF</subfield>
			<subfield code="2">rda</subfield>
		</datafield>
		<datafield tag="490" ind1="0" ind2=" ">
			<subfield code="a">Schriften des Historischen Kollegs ;</subfield>
			<subfield code="v">43</subfield>
		</datafield>
		<datafield tag="505" ind1="0" ind2="0">
			<subfield code="t">Frontmatter -- </subfield>
			<subfield code="t">Inhalt -- </subfield>
			<subfield code="t">Zur Einführung -- </subfield>
			<subfield code="t">Preface -- </subfield>
			<subfield code="t">Verzeichnis der Tagungsteilnehmer -- </subfield>
			<subfield code="t">Stalinism and Stalin / </subfield>
			<subfield code="r">Tucker, Robert C. -- </subfield>
			<subfield code="t">Revision der Revision? / </subfield>
			<subfield code="r">Hildermeier, Manfred -- </subfield>
			<subfield code="t">Intelligentsia and Power / </subfield>
			<subfield code="r">Fitzpatrick, Sheila -- </subfield>
			<subfield code="t">Workers under Stalin: The Case of the Donbas / </subfield>
			<subfield code="r">Kuromiya, Hiroaki -- </subfield>
			<subfield code="t">Arbeiterschaft und Stalinismus am Beispiel der Moskauer Metro / </subfield>
			<subfield code="r">Neutatz, Dietmar -- </subfield>
			<subfield code="t">Bilanz der Unterwerfung - die soziale und ökonomische Reorganisation des Dorfes / </subfield>
			<subfield code="r">Merl, Stephan -- </subfield>
			<subfield code="t">Das kollektivierte Dorf in der bäuerlichen Gegenkultur5 / </subfield>
			<subfield code="r">Rittersporn, Gábor T. -- </subfield>
			<subfield code="t">Afraid of Their Shadows: The Bolshevik Recourse to Terror, 1932-1938 / </subfield>
			<subfield code="r">Getty, J. Arch -- </subfield>
			<subfield code="t">Gewalt im Stalinismus / </subfield>
			<subfield code="r">Plaggenborg, Stefan -- </subfield>
			<subfield code="t">The Stalinist Assault on the Parish, 1929-1941 / </subfield>
			<subfield code="r">Freeze, Gregory L. -- </subfield>
			<subfield code="t">Die russische Kirche unter Stalin in den 20er und 30er Jahren des 20. Jahrhunderts / </subfield>
			<subfield code="r">Škarovskij, Michail Vital'evič -- </subfield>
			<subfield code="t">Der „Zentrale Gor'kij-Kultur- und Erholungspark" (CPKiO) in Moskau / </subfield>
			<subfield code="r">Schlögel, Karl -- </subfield>
			<subfield code="t">Self-Realization in the Stalinist System: Two Soviet Diaries of the 1930s1 / </subfield>
			<subfield code="r">Hellbeck, Jochen -- </subfield>
			<subfield code="t">Der russische Nationalismus und die Herrschaft Stalins1 / </subfield>
			<subfield code="r">Šapoval, Jurij -- </subfield>
			<subfield code="t">Stalinismus an der Peripherie: Das Beispiel Azerbajdzan 1920-1941 / </subfield>
			<subfield code="r">Baberowski, Jörg -- </subfield>
			<subfield code="t">Register -- </subfield>
			<subfield code="t">Orts-und Personenregister</subfield>
		</datafield>
		<datafield tag="520" ind1=" " ind2=" ">
			<subfield code="a">Der Kolloquiumsband gibt die erste Übersicht über den Forschungsstand zum Vorkriegsstalinismus seit den siebziger Jahren. Er spiegelt sowohl die neuen Erkenntnismöglichkeiten nach der Öffnung der Archive als auch neue Arbeitsfelder und methodische Wege, wie sie von der kulturgeschichtlichen Wende in der Geschichtswissenschaft allgemein angeregt worden sind. Er vereinigt theoretisch-methodische, politikorientierte und sozial- und kulturhistorische Zugänge ebenso wie erfahrungsgeschichtliche und ";mikrohistorische";-exemplarische. </subfield>
		</datafield>
		<datafield tag="538" ind1=" " ind2=" ">
			<subfield code="a">Mode of access: Internet via World Wide Web.</subfield>
		</datafield>
		<datafield tag="546" ind1=" " ind2=" ">
			<subfield code="a">In German.</subfield>
		</datafield>
		<datafield tag="588" ind1="0" ind2=" ">
			<subfield code="a">Description based on online resource; title from PDF title page (publisher's Web site, viewed 27. Mrz 2018)</subfield>
		</datafield>
		<datafield tag="650" ind1=" " ind2="4">
			<subfield code="a">Sowjetunion.</subfield>
		</datafield>
		<datafield tag="650" ind1=" " ind2="4">
			<subfield code="a">Stalinismus.</subfield>
		</datafield>
		<datafield tag="700" ind1="1" ind2=" ">
			<subfield code="a">Hildermeier, Manfred, </subfield>
			<subfield code="e">editor.</subfield>
		</datafield>
		<datafield tag="700" ind1="1" ind2=" ">
			<subfield code="a">Müller-Luckner, Elisabeth.</subfield>
		</datafield>
		<datafield tag="776" ind1="0" ind2=" ">
			<subfield code="c">print</subfield>
			<subfield code="z">9783486563504</subfield>
		</datafield>
		<datafield tag="856" ind1="4" ind2="0">
			<subfield code="u">https://www.degruyter.com/doi/book/10.1515/9783486595949</subfield>
		</datafield>
		<datafield tag="856" ind1="4" ind2="2">
			<subfield code="3">Cover</subfield>
			<subfield code="u">https://www.degruyter.com/doc/cover/9783486595949.jpg</subfield>
		</datafield>
		<datafield tag="912" ind1=" " ind2=" ">
			<subfield code="a">GBV-deGruyter-alles</subfield>
		</datafield>
		<datafield tag="912" ind1=" " ind2=" ">
			<subfield code="a">GBV-deGruyter-PDA11SSHE</subfield>
		</datafield>
		<datafield tag="912" ind1=" " ind2=" ">
			<subfield code="a">GBV-deGruyter-PDA14ALL</subfield>
		</datafield>
		<datafield tag="912" ind1=" " ind2=" ">
			<subfield code="a">GBV-deGruyter-PDA16SSH</subfield>
		</datafield>
		<datafield tag="912" ind1=" " ind2=" ">
			<subfield code="a">GBV-deGruyter-PDA1ALL</subfield>
		</datafield>
		<datafield tag="912" ind1=" " ind2=" ">
			<subfield code="a">GBV-deGruyter-PDA2HUM</subfield>
		</datafield>
		<datafield tag="912" ind1=" " ind2=" ">
			<subfield code="a">GBV-deGruyter-PDA5EBK</subfield>
		</datafield>
	</record>