
	<record xmlns="http://www.loc.gov/MARC21/slim">
		<leader>03867nam a22005175i 4500</leader>
		<controlfield tag="001">9783486708363</controlfield>
		<controlfield tag="003">DE-B1597</controlfield>
		<controlfield tag="005">20180327123002.0</controlfield>
		<controlfield tag="006">m|||||o||d||||||||</controlfield>
		<controlfield tag="007">cr || ||||||||</controlfield>
		<controlfield tag="008">180327s2018    gw     fo  d z      ger d</controlfield>
		<datafield tag="020" ind1=" " ind2=" ">
			<subfield code="a">9783486708363</subfield>
		</datafield>
		<datafield tag="024" ind1="7" ind2=" ">
			<subfield code="a">10.1515/9783486708363</subfield>
			<subfield code="2">doi</subfield>
		</datafield>
		<datafield tag="035" ind1=" " ind2=" ">
			<subfield code="a">(DE-B1597)224004</subfield>
		</datafield>
		<datafield tag="040" ind1=" " ind2=" ">
			<subfield code="a">DE-B1597</subfield>
			<subfield code="b">eng</subfield>
			<subfield code="c">DE-B1597</subfield>
			<subfield code="e">rda</subfield>
		</datafield>
		<datafield tag="041" ind1="0" ind2=" ">
			<subfield code="a">ger</subfield>
		</datafield>
		<datafield tag="044" ind1=" " ind2=" ">
			<subfield code="a">gw</subfield>
			<subfield code="c">DE</subfield>
		</datafield>
		<datafield tag="072" ind1=" " ind2="7">
			<subfield code="a">HIS000000</subfield>
			<subfield code="2">bisacsh</subfield>
		</datafield>
		<datafield tag="072" ind1=" " ind2="7">
			<subfield code="a">HIS014000</subfield>
			<subfield code="2">bisacsh</subfield>
		</datafield>
		<datafield tag="072" ind1=" " ind2="7">
			<subfield code="a">HIS037070</subfield>
			<subfield code="2">bisacsh</subfield>
		</datafield>
		<datafield tag="245" ind1="0" ind2="0">
			<subfield code="a">Bayern in der NS-Zeit :</subfield>
			<subfield code="b">Studien und Dokumentationen. </subfield>
			<subfield code="n">BAND III, </subfield>
			<subfield code="p">Herrschaft und Gesellschaft im Konflikt ; Teil B /</subfield>
			<subfield code="c">Elke Fröhlich-Broszat, Anton Grossmann.</subfield>
		</datafield>
		<datafield tag="264" ind1=" " ind2="1">
			<subfield code="a">Berlin ;Boston : </subfield>
			<subfield code="b">Oldenbourg Wissenschaftsverlag, </subfield>
			<subfield code="c">[2018]</subfield>
		</datafield>
		<datafield tag="264" ind1=" " ind2="4">
			<subfield code="c">©1981</subfield>
		</datafield>
		<datafield tag="300" ind1=" " ind2=" ">
			<subfield code="a">1 online resource :</subfield>
			<subfield code="b">4 Karten</subfield>
		</datafield>
		<datafield tag="336" ind1=" " ind2=" ">
			<subfield code="a">text</subfield>
			<subfield code="b">txt</subfield>
			<subfield code="2">rdacontent</subfield>
		</datafield>
		<datafield tag="337" ind1=" " ind2=" ">
			<subfield code="a">computer</subfield>
			<subfield code="b">c</subfield>
			<subfield code="2">rdamedia</subfield>
		</datafield>
		<datafield tag="338" ind1=" " ind2=" ">
			<subfield code="a">online resource</subfield>
			<subfield code="b">cr</subfield>
			<subfield code="2">rdacarrier</subfield>
		</datafield>
		<datafield tag="347" ind1=" " ind2=" ">
			<subfield code="a">text file</subfield>
			<subfield code="b">PDF</subfield>
			<subfield code="2">rda</subfield>
		</datafield>
		<datafield tag="490" ind1="0" ind2=" ">
			<subfield code="a">Bayern in der NS-Zeit ;</subfield>
			<subfield code="v">BAND III</subfield>
		</datafield>
		<datafield tag="505" ind1="0" ind2="0">
			<subfield code="t">Frontmatter -- </subfield>
			<subfield code="t">Inhaltsübersicht -- </subfield>
			<subfield code="t">Inhalt -- </subfield>
			<subfield code="t">Vorwort -- </subfield>
			<subfield code="t">Die Industriestadt Augsburg / </subfield>
			<subfield code="r">Hetzer, Gerhard -- </subfield>
			<subfield code="t">Der neue »Kulturkampf« / </subfield>
			<subfield code="r">Sonnenberger, Franz -- </subfield>
			<subfield code="t">Kommunalpolitik in der »Hauptstadt der Bewegung« 1933–1935 / </subfield>
			<subfield code="r">Hanko, Helmut M. -- </subfield>
			<subfield code="t">Die Münchener Architekturszene 1933/34 als ästhetisch-politisches Konfliktfeld / </subfield>
			<subfield code="r">Arndt, Karl -- </subfield>
			<subfield code="t">Der bayerische Adel / </subfield>
			<subfield code="r">Aretin, Karl Otmar Von -- </subfield>
			<subfield code="t">Frauen in der Kriegsindustrie / </subfield>
			<subfield code="r">Eiber, Ludwig -- </subfield>
			<subfield code="t">Anhang</subfield>
		</datafield>
		<datafield tag="520" ind1=" " ind2=" ">
			<subfield code="a">Mit den neuen Veröffentlichungen hat das große Forschungsprojekt des Instituts für Zeitgeschichte dem breit entfalteten Bild der politischen und gesellschaftlichen Konflikte der NS-Zeit in Bayern weitere eindrucksvolle Konturen hinzugefügt. Lokal und sozial unterschiedliche Erfahrungen, Betroffenheiten und Verhaltensweisen im Dritten Reich werden bewusst gegenübergestellt. Am Beispiel Augsburgs entsteht eine sozialgeschichtlich fundierte, genaue Vorstellung vom resistenten Milieu sozialistisch geprägter Arbeiterviertel und Vorstädte, von Widerstands-Kleingruppen, die sich z.T. noch bis in den Krieg hinein halten konnten. Am anderen Ende der gesellschaftlichen Skala steht die Traditionswelt des bayerischen Adels, seine aus überkommener Staatsabstinenz, Monarchismus und Republikfeindlichkeit bestimmte Zwiespältigkeit gegenüber dem NS. Der minutiösen Fallstudie über die personalpolitische Säuberung und opportunistisch-ideologische Infizierung der Münchener Stadtverwaltung nach 1933 folgen Ausschnitte aus dem erbitterten Weltanschauungskampf zwischen NS-Schule und Kirche in der bayerischen Provinz. Kontinuitätsbrüche im Stil der Kunst wie im Verhalten akademischer Kollegen manifestieren sich in einer Studie über den Bau des Münchener Hauses der Deutschen Kunst. Eine ganz andere, elementare Antriebskraft resoluter Nonkonformität kommt zum Vorschein in der Dokumentation über den Einsatz von Frauen in der Rüstungsindustrie. Der Facettenreichtum konkreter politischer Sozialgeschichte wird in den sechs Beiträgen dieses Bandes immer wieder auch zur spannenden Lektüre.</subfield>
		</datafield>
		<datafield tag="538" ind1=" " ind2=" ">
			<subfield code="a">Mode of access: Internet via World Wide Web.</subfield>
		</datafield>
		<datafield tag="546" ind1=" " ind2=" ">
			<subfield code="a">In German.</subfield>
		</datafield>
		<datafield tag="588" ind1="0" ind2=" ">
			<subfield code="a">Description based on online resource; title from PDF title page (publisher's Web site, viewed 27. Mrz 2018)</subfield>
		</datafield>
		<datafield tag="700" ind1="1" ind2=" ">
			<subfield code="a">Fröhlich-Broszat, Elke, </subfield>
			<subfield code="e">editor.</subfield>
		</datafield>
		<datafield tag="700" ind1="1" ind2=" ">
			<subfield code="a">Grossmann, Anton, </subfield>
			<subfield code="e">editor.</subfield>
		</datafield>
		<datafield tag="776" ind1="0" ind2=" ">
			<subfield code="c">print</subfield>
			<subfield code="z">9783486423815</subfield>
		</datafield>
		<datafield tag="856" ind1="4" ind2="0">
			<subfield code="u">https://doi.org/10.1515/9783486708363</subfield>
		</datafield>
		<datafield tag="856" ind1="4" ind2="2">
			<subfield code="3">Cover</subfield>
			<subfield code="u">https://www.degruyter.com/doc/cover/9783486708363.jpg</subfield>
		</datafield>
		<datafield tag="912" ind1=" " ind2=" ">
			<subfield code="a">GBV-deGruyter-alles</subfield>
		</datafield>
		<datafield tag="912" ind1=" " ind2=" ">
			<subfield code="a">GBV-deGruyter-PDA11SSHE</subfield>
		</datafield>
		<datafield tag="912" ind1=" " ind2=" ">
			<subfield code="a">GBV-deGruyter-PDA14ALL</subfield>
		</datafield>
		<datafield tag="912" ind1=" " ind2=" ">
			<subfield code="a">GBV-deGruyter-PDA16SSH</subfield>
		</datafield>
		<datafield tag="912" ind1=" " ind2=" ">
			<subfield code="a">GBV-deGruyter-PDA1ALL</subfield>
		</datafield>
		<datafield tag="912" ind1=" " ind2=" ">
			<subfield code="a">GBV-deGruyter-PDA2HUM</subfield>
		</datafield>
		<datafield tag="912" ind1=" " ind2=" ">
			<subfield code="a">GBV-deGruyter-PDA5EBK</subfield>
		</datafield>
	</record>