
	<record xmlns="http://www.loc.gov/MARC21/slim">
		<leader>03999nam a22005055i 4500</leader>
		<controlfield tag="001">9783486708370</controlfield>
		<controlfield tag="003">DE-B1597</controlfield>
		<controlfield tag="005">20180327123002.0</controlfield>
		<controlfield tag="006">m|||||o||d||||||||</controlfield>
		<controlfield tag="007">cr || ||||||||</controlfield>
		<controlfield tag="008">180327s2018    gw     fo  d z      ger d</controlfield>
		<datafield tag="020" ind1=" " ind2=" ">
			<subfield code="a">9783486708370</subfield>
		</datafield>
		<datafield tag="024" ind1="7" ind2=" ">
			<subfield code="a">10.1515/9783486708370</subfield>
			<subfield code="2">doi</subfield>
		</datafield>
		<datafield tag="035" ind1=" " ind2=" ">
			<subfield code="a">(DE-B1597)226411</subfield>
		</datafield>
		<datafield tag="040" ind1=" " ind2=" ">
			<subfield code="a">DE-B1597</subfield>
			<subfield code="b">eng</subfield>
			<subfield code="c">DE-B1597</subfield>
			<subfield code="e">rda</subfield>
		</datafield>
		<datafield tag="041" ind1="0" ind2=" ">
			<subfield code="a">ger</subfield>
		</datafield>
		<datafield tag="044" ind1=" " ind2=" ">
			<subfield code="a">gw</subfield>
			<subfield code="c">DE</subfield>
		</datafield>
		<datafield tag="072" ind1=" " ind2="7">
			<subfield code="a">HIS000000</subfield>
			<subfield code="2">bisacsh</subfield>
		</datafield>
		<datafield tag="072" ind1=" " ind2="7">
			<subfield code="a">HIS014000</subfield>
			<subfield code="2">bisacsh</subfield>
		</datafield>
		<datafield tag="072" ind1=" " ind2="7">
			<subfield code="a">HIS037070</subfield>
			<subfield code="2">bisacsh</subfield>
		</datafield>
		<datafield tag="245" ind1="0" ind2="0">
			<subfield code="a">Bayern in der NS-Zeit :</subfield>
			<subfield code="b">Studien und Dokumentationen. </subfield>
			<subfield code="n">BAND IV, </subfield>
			<subfield code="p">Herrschaft und Gesellschaft im Konflikt ; Teil C /</subfield>
			<subfield code="c">Elke Fröhlich-Broszat.</subfield>
		</datafield>
		<datafield tag="264" ind1=" " ind2="1">
			<subfield code="a">Berlin ;Boston : </subfield>
			<subfield code="b">Oldenbourg Wissenschaftsverlag, </subfield>
			<subfield code="c">[2018]</subfield>
		</datafield>
		<datafield tag="264" ind1=" " ind2="4">
			<subfield code="c">©1981</subfield>
		</datafield>
		<datafield tag="300" ind1=" " ind2=" ">
			<subfield code="a">1 online resource </subfield>
		</datafield>
		<datafield tag="336" ind1=" " ind2=" ">
			<subfield code="a">text</subfield>
			<subfield code="b">txt</subfield>
			<subfield code="2">rdacontent</subfield>
		</datafield>
		<datafield tag="337" ind1=" " ind2=" ">
			<subfield code="a">computer</subfield>
			<subfield code="b">c</subfield>
			<subfield code="2">rdamedia</subfield>
		</datafield>
		<datafield tag="338" ind1=" " ind2=" ">
			<subfield code="a">online resource</subfield>
			<subfield code="b">cr</subfield>
			<subfield code="2">rdacarrier</subfield>
		</datafield>
		<datafield tag="347" ind1=" " ind2=" ">
			<subfield code="a">text file</subfield>
			<subfield code="b">PDF</subfield>
			<subfield code="2">rda</subfield>
		</datafield>
		<datafield tag="490" ind1="0" ind2=" ">
			<subfield code="a">Bayern in der NS-Zeit ;</subfield>
			<subfield code="v">BAND IV</subfield>
		</datafield>
		<datafield tag="505" ind1="0" ind2="0">
			<subfield code="t">Frontmatter -- </subfield>
			<subfield code="t">Inhaltsübersicht -- </subfield>
			<subfield code="t">Inhaltsverzeichnis -- </subfield>
			<subfield code="t">Vorwort -- </subfield>
			<subfield code="t">Proletarische Provinz / </subfield>
			<subfield code="r">Tenfelde, Klaus -- </subfield>
			<subfield code="t">Dorfeliten und NSDAP / </subfield>
			<subfield code="r">Zofka, Zdenek -- </subfield>
			<subfield code="t">Heimtückefälle vor dem Sondergericht München 1933–1939 / </subfield>
			<subfield code="r">Hüttenberger, Peter -- </subfield>
			<subfield code="t">Jugendprotest und Jugendopposition / </subfield>
			<subfield code="r">Klönne, Arno -- </subfield>
			<subfield code="t">Ernste Bibelforscher in Augsburg / </subfield>
			<subfield code="r">Hetzer, Gerhard -- </subfield>
			<subfield code="t">Aktionen zur Kriegsbeendigung im Frühjahr 1945 / </subfield>
			<subfield code="r">Troll, Hildebrand -- </subfield>
			<subfield code="t">Resistenz und Widerstand / </subfield>
			<subfield code="r">Broszat, Martin -- </subfield>
			<subfield code="t">Anhang</subfield>
		</datafield>
		<datafield tag="520" ind1=" " ind2=" ">
			<subfield code="a">Die Serie von zwanzig Forschungsbeiträgen zum Thema Widerstand und Verfolgung 1933-45 wird mit diesem Band abgeschlossen. Die Thematik ist wiederum breit gefächert: Den gesellschaftlichen Mikrokosmos einer Bergarbeitergemeinde in der NS-Zeit rekonstruiert eine umfangreiche Lokalstudie über Penzberg in Oberbayern. Sie bringt die oppositionelle Beharrungskraft, kollektive Spontaneität und Solidarität kommunistischer und sozialdemokratischer Arbeiter, die dennoch keine Chance hatten, aktiven Widerstand zu leisten, eindrucksvoll nahe. Schon kritische Distanz und politische Flüsterwitze wurden im Dritten Reich – das zeigt eine Untersuchung über die Schnelljustiz des Münchner Sondergerichts – massenhaft denunziert und verfolgt. Aus den Akten erzählte Dorfgeschichten veranschaulichen am Beispiel des Kreises Günzburg Konflikte und Kompromisse zwischen traditionellen gesellschaftlichen Honoratioren und neuen politischen Machthabern auf dem Lande. Anfängliche Erfolge stehen im Kontrast zum schließlichen Scheitern nationalsozialistischer Werbung um die Jugend, wie die Darstellung über die HJ in der Provinz und über HJ-feindliche, subkulturelle Jugendcliquen in der Großstadt zeigt. Vielfältige Aktivitäten zur Kriegsbeendigung, die im März/April 1945 in Bayern noch von verschiedensten Volksschichten ausgingen und noch einmal zahlreiche Opfer kosteten, bilden das letzte Kapitel der konfliktreichen Wirkungs- und Verhaltensgeschichte der Hitlerzeit, die in dieser Sammlung exemplarisch dokumentiert und analysiert worden ist. Über die Methoden und Ergebnisse des Projekts, seine auf Alltagsgeschichte gerichtete Perspektive, wird am Schluss des Bandes Bilanz gezogen. Diese Bilanz führt auch zu einer kritischen Neubestimmung des Widerstands-Begriffs.</subfield>
		</datafield>
		<datafield tag="538" ind1=" " ind2=" ">
			<subfield code="a">Mode of access: Internet via World Wide Web.</subfield>
		</datafield>
		<datafield tag="546" ind1=" " ind2=" ">
			<subfield code="a">In German.</subfield>
		</datafield>
		<datafield tag="588" ind1="0" ind2=" ">
			<subfield code="a">Description based on online resource; title from PDF title page (publisher's Web site, viewed 27. Mrz 2018)</subfield>
		</datafield>
		<datafield tag="700" ind1="1" ind2=" ">
			<subfield code="a">Fröhlich-Broszat, Elke, </subfield>
			<subfield code="e">editor.</subfield>
		</datafield>
		<datafield tag="776" ind1="0" ind2=" ">
			<subfield code="c">print</subfield>
			<subfield code="z">9783486423914</subfield>
		</datafield>
		<datafield tag="856" ind1="4" ind2="0">
			<subfield code="u">https://doi.org/10.1515/9783486708370</subfield>
		</datafield>
		<datafield tag="856" ind1="4" ind2="2">
			<subfield code="3">Cover</subfield>
			<subfield code="u">https://www.degruyter.com/doc/cover/9783486708370.jpg</subfield>
		</datafield>
		<datafield tag="912" ind1=" " ind2=" ">
			<subfield code="a">GBV-deGruyter-alles</subfield>
		</datafield>
		<datafield tag="912" ind1=" " ind2=" ">
			<subfield code="a">GBV-deGruyter-PDA11SSHE</subfield>
		</datafield>
		<datafield tag="912" ind1=" " ind2=" ">
			<subfield code="a">GBV-deGruyter-PDA14ALL</subfield>
		</datafield>
		<datafield tag="912" ind1=" " ind2=" ">
			<subfield code="a">GBV-deGruyter-PDA16SSH</subfield>
		</datafield>
		<datafield tag="912" ind1=" " ind2=" ">
			<subfield code="a">GBV-deGruyter-PDA1ALL</subfield>
		</datafield>
		<datafield tag="912" ind1=" " ind2=" ">
			<subfield code="a">GBV-deGruyter-PDA2HUM</subfield>
		</datafield>
		<datafield tag="912" ind1=" " ind2=" ">
			<subfield code="a">GBV-deGruyter-PDA5EBK</subfield>
		</datafield>
	</record>