
	<record xmlns="http://www.loc.gov/MARC21/slim">
		<leader>04467nam a22005535i 4500</leader>
		<controlfield tag="001">9783486708387</controlfield>
		<controlfield tag="003">DE-B1597</controlfield>
		<controlfield tag="005">20180327123002.0</controlfield>
		<controlfield tag="006">m|||||o||d||||||||</controlfield>
		<controlfield tag="007">cr || ||||||||</controlfield>
		<controlfield tag="008">180327s2018    gw     fo  d z      ger d</controlfield>
		<datafield tag="020" ind1=" " ind2=" ">
			<subfield code="a">9783486708387</subfield>
		</datafield>
		<datafield tag="024" ind1="7" ind2=" ">
			<subfield code="a">10.1515/9783486708387</subfield>
			<subfield code="2">doi</subfield>
		</datafield>
		<datafield tag="035" ind1=" " ind2=" ">
			<subfield code="a">(DE-B1597)224005</subfield>
		</datafield>
		<datafield tag="040" ind1=" " ind2=" ">
			<subfield code="a">DE-B1597</subfield>
			<subfield code="b">eng</subfield>
			<subfield code="c">DE-B1597</subfield>
			<subfield code="e">rda</subfield>
		</datafield>
		<datafield tag="041" ind1="0" ind2=" ">
			<subfield code="a">ger</subfield>
		</datafield>
		<datafield tag="044" ind1=" " ind2=" ">
			<subfield code="a">gw</subfield>
			<subfield code="c">DE</subfield>
		</datafield>
		<datafield tag="072" ind1=" " ind2="7">
			<subfield code="a">HIS000000</subfield>
			<subfield code="2">bisacsh</subfield>
		</datafield>
		<datafield tag="072" ind1=" " ind2="7">
			<subfield code="a">HIS014000</subfield>
			<subfield code="2">bisacsh</subfield>
		</datafield>
		<datafield tag="072" ind1=" " ind2="7">
			<subfield code="a">HIS037070</subfield>
			<subfield code="2">bisacsh</subfield>
		</datafield>
		<datafield tag="100" ind1="1" ind2=" ">
			<subfield code="a">Mehringer, Hartmut,</subfield>
			<subfield code="e">author.</subfield>
		</datafield>
		<datafield tag="245" ind1="1" ind2="0">
			<subfield code="a">Bayern in der NS-Zeit :</subfield>
			<subfield code="b">Studien und Dokumentationen. </subfield>
			<subfield code="n">BAND V, </subfield>
			<subfield code="p">Die Parteien KPD, SPD, BVP in Verfolgung und Widerstand /</subfield>
			<subfield code="c">Hartmut Mehringer, Anton Grossmann, Klaus Schönhoven; Hartmut Mehringer, Martin Broszat.</subfield>
		</datafield>
		<datafield tag="264" ind1=" " ind2="1">
			<subfield code="a">Berlin ;Boston : </subfield>
			<subfield code="b">Oldenbourg Wissenschaftsverlag, </subfield>
			<subfield code="c">[2018]</subfield>
		</datafield>
		<datafield tag="264" ind1=" " ind2="4">
			<subfield code="c">©1983</subfield>
		</datafield>
		<datafield tag="300" ind1=" " ind2=" ">
			<subfield code="a">1 online resource (692 p.)</subfield>
		</datafield>
		<datafield tag="336" ind1=" " ind2=" ">
			<subfield code="a">text</subfield>
			<subfield code="b">txt</subfield>
			<subfield code="2">rdacontent</subfield>
		</datafield>
		<datafield tag="337" ind1=" " ind2=" ">
			<subfield code="a">computer</subfield>
			<subfield code="b">c</subfield>
			<subfield code="2">rdamedia</subfield>
		</datafield>
		<datafield tag="338" ind1=" " ind2=" ">
			<subfield code="a">online resource</subfield>
			<subfield code="b">cr</subfield>
			<subfield code="2">rdacarrier</subfield>
		</datafield>
		<datafield tag="347" ind1=" " ind2=" ">
			<subfield code="a">text file</subfield>
			<subfield code="b">PDF</subfield>
			<subfield code="2">rda</subfield>
		</datafield>
		<datafield tag="490" ind1="0" ind2=" ">
			<subfield code="a">Bayern in der NS-Zeit ;</subfield>
			<subfield code="v">BAND V</subfield>
		</datafield>
		<datafield tag="505" ind1="0" ind2="0">
			<subfield code="t">Frontmatter -- </subfield>
			<subfield code="t">Inhaltsübersicht -- </subfield>
			<subfield code="t">Inhaltsverzeichnis -- </subfield>
			<subfield code="t">Karte -- </subfield>
			<subfield code="t">Vorwort -- </subfield>
			<subfield code="t">Die KPD in Bayern 1919–1945 / </subfield>
			<subfield code="r">Mehringer, Hartmut -- </subfield>
			<subfield code="t">Die bayerische Sozialdemokratie bis zum Ende des NS-Regimes / </subfield>
			<subfield code="r">Mehringer, Hartmut -- </subfield>
			<subfield code="t">Milieubedingungen von Verfolgung und Widerstand / </subfield>
			<subfield code="r">Grossmann, Anton -- </subfield>
			<subfield code="t">Der politische Katholizismus in Bayern unter der NS-Herrschaft 1933–1945 / </subfield>
			<subfield code="r">Schönhoven, Klaus -- </subfield>
			<subfield code="t">Anhang</subfield>
		</datafield>
		<datafield tag="520" ind1=" " ind2=" ">
			<subfield code="a">Der vorliegende Band liefert die schon lange ausstehende Gesamtdarstellung des parteipolitisch bedingten Widerstands und der Verfolgung von Kommunisten, Sozialdemokraten und Angehörigen der Bayerischen Volkspartei während der NS-Zeit im rechtsrheinischen Bayern. Schwerpunkte bilden die Zerschlagung und Auflösung der Parteien und Gruppen der Arbeiterbewegung, die Verfolgung ihrer Mitglieder und Anhänger und die Formen des Widerstands gegen das NS-Regime aus diesem Umkreis; sie werden ergänzt durch die Darstellung der Möglichkeiten und Spielarten von Resistenz und Verweigerung im Milieu des politischen Katholizismus. Über die Rekonstruktion konspirativer Verbindungen und die Darstellung illegaler Propagandaaktionen und Widerstandshandlungen hinaus zeichnen die vier Studien die vielfältigen Erscheinungsformen oppositionellen Verhaltens der ehemaligen Parteimitglieder und -anhänger nach. Sie zeigen auch, dass in den drei Parteienlagern ein jeweils unterschiedlicher Widerstandstypus vorherrschte: die aufopferungsvolle, nicht selten bedenkenlose, auch durch schärfsten Terror lange Zeit nicht zu unterdrückende Untergrundaktivität der Kommunisten, die eher passive Oppositionshaltung von Sozialdemokraten, weniger durch riskante illegale Aktionen als durch ein erstaunliches Maß an Unverführbarkeit im Meer der bürgerlichen Anpassung gekennzeichnet, und die auf kirchlichen und gesellschaftlichen Rückhaltepositionen beruhende relative Immunität und Resistenz im Lager des politischen Katholizismus. Besonderes Gewicht gewinnen die sozialen und verhaltensgeschichtlichen Determinanten der betroffenen Gruppen und Individuen. Hierzu musste ausführlich Entwicklung und soziales Profil der Parteien vor 1933 eingegangen und nach der zum Teil recht verschiedenartigen Motivation zu Widerstand, Opposition und Verweigerung gefragt werden: sie reicht von gefestigter politischer Überzeugung über tradierte Milieuzugehörigkeit bis zu einem von der Ebene des Politischen weitgehend losgelösten Sozialprotest aufgrund mangelnder gesellschaftliche Integration.</subfield>
		</datafield>
		<datafield tag="538" ind1=" " ind2=" ">
			<subfield code="a">Mode of access: Internet via World Wide Web.</subfield>
		</datafield>
		<datafield tag="546" ind1=" " ind2=" ">
			<subfield code="a">In German.</subfield>
		</datafield>
		<datafield tag="588" ind1="0" ind2=" ">
			<subfield code="a">Description based on online resource; title from PDF title page (publisher's Web site, viewed 27. Mrz 2018)</subfield>
		</datafield>
		<datafield tag="700" ind1="1" ind2=" ">
			<subfield code="a">Broszat, Martin, </subfield>
			<subfield code="e">editor.</subfield>
		</datafield>
		<datafield tag="700" ind1="1" ind2=" ">
			<subfield code="a">Grossmann, Anton, </subfield>
			<subfield code="e">author.</subfield>
		</datafield>
		<datafield tag="700" ind1="1" ind2=" ">
			<subfield code="a">Mehringer, Hartmut, </subfield>
			<subfield code="e">editor.</subfield>
		</datafield>
		<datafield tag="700" ind1="1" ind2=" ">
			<subfield code="a">Schönhoven, Klaus, </subfield>
			<subfield code="e">author.</subfield>
		</datafield>
		<datafield tag="776" ind1="0" ind2=" ">
			<subfield code="c">print</subfield>
			<subfield code="z">9783486424010</subfield>
		</datafield>
		<datafield tag="856" ind1="4" ind2="0">
			<subfield code="u">https://doi.org/10.1515/9783486708387</subfield>
		</datafield>
		<datafield tag="856" ind1="4" ind2="2">
			<subfield code="3">Cover</subfield>
			<subfield code="u">https://www.degruyter.com/doc/cover/9783486708387.jpg</subfield>
		</datafield>
		<datafield tag="912" ind1=" " ind2=" ">
			<subfield code="a">GBV-deGruyter-alles</subfield>
		</datafield>
		<datafield tag="912" ind1=" " ind2=" ">
			<subfield code="a">GBV-deGruyter-PDA11SSHE</subfield>
		</datafield>
		<datafield tag="912" ind1=" " ind2=" ">
			<subfield code="a">GBV-deGruyter-PDA14ALL</subfield>
		</datafield>
		<datafield tag="912" ind1=" " ind2=" ">
			<subfield code="a">GBV-deGruyter-PDA16SSH</subfield>
		</datafield>
		<datafield tag="912" ind1=" " ind2=" ">
			<subfield code="a">GBV-deGruyter-PDA1ALL</subfield>
		</datafield>
		<datafield tag="912" ind1=" " ind2=" ">
			<subfield code="a">GBV-deGruyter-PDA2HUM</subfield>
		</datafield>
		<datafield tag="912" ind1=" " ind2=" ">
			<subfield code="a">GBV-deGruyter-PDA5EBK</subfield>
		</datafield>
	</record>