
	<record xmlns="http://www.loc.gov/MARC21/slim">
		<leader>04147nam a22005175i 4500</leader>
		<controlfield tag="001">9783486708394</controlfield>
		<controlfield tag="003">DE-B1597</controlfield>
		<controlfield tag="005">20180327123002.0</controlfield>
		<controlfield tag="006">m|||||o||d||||||||</controlfield>
		<controlfield tag="007">cr || ||||||||</controlfield>
		<controlfield tag="008">180327s2018    gw     fo  d z      ger d</controlfield>
		<datafield tag="020" ind1=" " ind2=" ">
			<subfield code="a">9783486708394</subfield>
		</datafield>
		<datafield tag="024" ind1="7" ind2=" ">
			<subfield code="a">10.1515/9783486708394</subfield>
			<subfield code="2">doi</subfield>
		</datafield>
		<datafield tag="035" ind1=" " ind2=" ">
			<subfield code="a">(DE-B1597)219157</subfield>
		</datafield>
		<datafield tag="040" ind1=" " ind2=" ">
			<subfield code="a">DE-B1597</subfield>
			<subfield code="b">eng</subfield>
			<subfield code="c">DE-B1597</subfield>
			<subfield code="e">rda</subfield>
		</datafield>
		<datafield tag="041" ind1="0" ind2=" ">
			<subfield code="a">ger</subfield>
		</datafield>
		<datafield tag="044" ind1=" " ind2=" ">
			<subfield code="a">gw</subfield>
			<subfield code="c">DE</subfield>
		</datafield>
		<datafield tag="072" ind1=" " ind2="7">
			<subfield code="a">HIS000000</subfield>
			<subfield code="2">bisacsh</subfield>
		</datafield>
		<datafield tag="072" ind1=" " ind2="7">
			<subfield code="a">HIS014000</subfield>
			<subfield code="2">bisacsh</subfield>
		</datafield>
		<datafield tag="072" ind1=" " ind2="7">
			<subfield code="a">HIS037070</subfield>
			<subfield code="2">bisacsh</subfield>
		</datafield>
		<datafield tag="100" ind1="1" ind2=" ">
			<subfield code="a">Fröhlich-Broszat, Elke,</subfield>
			<subfield code="e">author.</subfield>
		</datafield>
		<datafield tag="245" ind1="1" ind2="0">
			<subfield code="a">Bayern in der NS-Zeit :</subfield>
			<subfield code="b">Studien und Dokumentationen. </subfield>
			<subfield code="n">BAND VI, </subfield>
			<subfield code="p">Die Herausforderung des Einzelnen ; Geschichten über Widerstand und Verfolgung /</subfield>
			<subfield code="c">Elke Fröhlich-Broszat; Elke Fröhlich-Broszat.</subfield>
		</datafield>
		<datafield tag="264" ind1=" " ind2="1">
			<subfield code="a">Berlin ;Boston : </subfield>
			<subfield code="b">Oldenbourg Wissenschaftsverlag, </subfield>
			<subfield code="c">[2018]</subfield>
		</datafield>
		<datafield tag="264" ind1=" " ind2="4">
			<subfield code="c">©1983</subfield>
		</datafield>
		<datafield tag="300" ind1=" " ind2=" ">
			<subfield code="a">1 online resource </subfield>
		</datafield>
		<datafield tag="336" ind1=" " ind2=" ">
			<subfield code="a">text</subfield>
			<subfield code="b">txt</subfield>
			<subfield code="2">rdacontent</subfield>
		</datafield>
		<datafield tag="337" ind1=" " ind2=" ">
			<subfield code="a">computer</subfield>
			<subfield code="b">c</subfield>
			<subfield code="2">rdamedia</subfield>
		</datafield>
		<datafield tag="338" ind1=" " ind2=" ">
			<subfield code="a">online resource</subfield>
			<subfield code="b">cr</subfield>
			<subfield code="2">rdacarrier</subfield>
		</datafield>
		<datafield tag="347" ind1=" " ind2=" ">
			<subfield code="a">text file</subfield>
			<subfield code="b">PDF</subfield>
			<subfield code="2">rda</subfield>
		</datafield>
		<datafield tag="490" ind1="0" ind2=" ">
			<subfield code="a">Bayern in der NS-Zeit ;</subfield>
			<subfield code="v">BAND VI</subfield>
		</datafield>
		<datafield tag="505" ind1="0" ind2="0">
			<subfield code="t">Frontmatter -- </subfield>
			<subfield code="t">Inhaltsverzeichnis -- </subfield>
			<subfield code="t">Vorwort / </subfield>
			<subfield code="r">Broszat, Martin -- </subfield>
			<subfield code="t">Einleitung / </subfield>
			<subfield code="r">Fröhlich, Elke -- </subfield>
			<subfield code="t">I. Zwei Münchener Kommunisten -- </subfield>
			<subfield code="t">II. Der Pfarrer von Mömbris -- </subfield>
			<subfield code="t">III. Ein »Volksschädling« -- </subfield>
			<subfield code="t">IV. Redakteur am Starnberger »Seeboten« -- </subfield>
			<subfield code="t">V. Regimekritik in privaten und anonymen Briefen -- </subfield>
			<subfield code="t">VI. Ein katholischer Polizeiwachtmeister -- </subfield>
			<subfield code="t">VII. Grenzfälle: Widerstand oder Verrat? -- </subfield>
			<subfield code="t">VIII. Ein gelehrter Sammler -- </subfield>
			<subfield code="t">IX. Die Falle für den Grafen -- </subfield>
			<subfield code="t">X. Ein junger Märtyrer -- </subfield>
			<subfield code="t">Abkürzungsverzeichnis -- </subfield>
			<subfield code="t">Sachregister</subfield>
		</datafield>
		<datafield tag="520" ind1=" " ind2=" ">
			<subfield code="a">Die dramatischen und eindrucksvollen Geschehnisse um den 20. Juli, die „Weiße Rose“ oder die „Rote Kapelle“ sind schon oft dargestellt worden und scheinen hinlänglich bekannt. Diesen häufig zitierten und gefeierten Denkmälern persönlichen Widerstands lassen sich freilich nicht weniger eindrucksvolle und exemplarische Fälle beherzten Widerstands, hoher Risikobereitschaft und moralischer Integrität Einzelner an die Seite stellen, die bislang – da nicht Teil von Haupt- und Staatsaktionen – weitgehend unbekannt geblieben sind. Solche Geschichten von der Herausforderung des Einzelnen zu erzählen, war eines der Ziele des vorliegenden Bandes. Sie verstehen sich nicht als „Heldengeschichten“ oder „Widerstandslegenden“, die zwar imponieren, jedoch kaum Verständnis für die Bedingungen der Zeit fördern oder die Verschränkung von überindividuellen Bedingungen mit höchst persönlichen Impulsen deutlich machen können, aus der heraus Widerstandsverhalten erst entspringt. Deshalb mussten Lebensprägungen, Milieus, Veranlagungen, anerzogene Einstellungen, Umwelteinflüsse, Interessen, oft verzweifelte Lebenslagen u.a.m. so anschaulich und konkret wie möglich beschrieben werden. Das „Heldische“ verliert sich dabei, das respektabel Menschliche tritt umso plastischer hervor. Zum Widerstand des Einzelnen gehören auch die – zum Teil durchaus nicht spektakulären – Formen der Auflehnung des „kleinen Mannes“, Fälle von Nonkonformität und Opposition, die von ihrem Anlass überwiegend unpolitisch und sozusagen privat waren, bis hin zu Fällen, in denen der Begriff des Widerstands fraglich wird und sich ganz auflöst. Die Geschichten sind zu verstehen als individuelle Ausschnitte und Variationen der allgemeinen Geschichte des Widerstands und der Verfolgung in der NS-Zeit.</subfield>
		</datafield>
		<datafield tag="538" ind1=" " ind2=" ">
			<subfield code="a">Mode of access: Internet via World Wide Web.</subfield>
		</datafield>
		<datafield tag="546" ind1=" " ind2=" ">
			<subfield code="a">In German.</subfield>
		</datafield>
		<datafield tag="588" ind1="0" ind2=" ">
			<subfield code="a">Description based on online resource; title from PDF title page (publisher's Web site, viewed 27. Mrz 2018)</subfield>
		</datafield>
		<datafield tag="700" ind1="1" ind2=" ">
			<subfield code="a">Fröhlich-Broszat, Elke, </subfield>
			<subfield code="e">editor.</subfield>
		</datafield>
		<datafield tag="776" ind1="0" ind2=" ">
			<subfield code="c">print</subfield>
			<subfield code="z">9783486424119</subfield>
		</datafield>
		<datafield tag="856" ind1="4" ind2="0">
			<subfield code="u">https://doi.org/10.1515/9783486708394</subfield>
		</datafield>
		<datafield tag="856" ind1="4" ind2="2">
			<subfield code="3">Cover</subfield>
			<subfield code="u">https://www.degruyter.com/doc/cover/9783486708394.jpg</subfield>
		</datafield>
		<datafield tag="912" ind1=" " ind2=" ">
			<subfield code="a">GBV-deGruyter-alles</subfield>
		</datafield>
		<datafield tag="912" ind1=" " ind2=" ">
			<subfield code="a">GBV-deGruyter-PDA11SSHE</subfield>
		</datafield>
		<datafield tag="912" ind1=" " ind2=" ">
			<subfield code="a">GBV-deGruyter-PDA14ALL</subfield>
		</datafield>
		<datafield tag="912" ind1=" " ind2=" ">
			<subfield code="a">GBV-deGruyter-PDA16SSH</subfield>
		</datafield>
		<datafield tag="912" ind1=" " ind2=" ">
			<subfield code="a">GBV-deGruyter-PDA1ALL</subfield>
		</datafield>
		<datafield tag="912" ind1=" " ind2=" ">
			<subfield code="a">GBV-deGruyter-PDA2HUM</subfield>
		</datafield>
		<datafield tag="912" ind1=" " ind2=" ">
			<subfield code="a">GBV-deGruyter-PDA5EBK</subfield>
		</datafield>
	</record>