
	<record xmlns="http://www.loc.gov/MARC21/slim">
		<leader>03589nam a22005175i 4500</leader>
		<controlfield tag="001">9783486709049</controlfield>
		<controlfield tag="003">DE-B1597</controlfield>
		<controlfield tag="005">20180327123002.0</controlfield>
		<controlfield tag="006">m|||||o||d||||||||</controlfield>
		<controlfield tag="007">cr || ||||||||</controlfield>
		<controlfield tag="008">180327s2018    gw     fo  d z      ger d</controlfield>
		<datafield tag="020" ind1=" " ind2=" ">
			<subfield code="a">9783486709049</subfield>
		</datafield>
		<datafield tag="024" ind1="7" ind2=" ">
			<subfield code="a">10.1515/9783486709049</subfield>
			<subfield code="2">doi</subfield>
		</datafield>
		<datafield tag="035" ind1=" " ind2=" ">
			<subfield code="a">(DE-B1597)231315</subfield>
		</datafield>
		<datafield tag="040" ind1=" " ind2=" ">
			<subfield code="a">DE-B1597</subfield>
			<subfield code="b">eng</subfield>
			<subfield code="c">DE-B1597</subfield>
			<subfield code="e">rda</subfield>
		</datafield>
		<datafield tag="041" ind1="0" ind2=" ">
			<subfield code="a">ger</subfield>
		</datafield>
		<datafield tag="044" ind1=" " ind2=" ">
			<subfield code="a">gw</subfield>
			<subfield code="c">DE</subfield>
		</datafield>
		<datafield tag="072" ind1=" " ind2="7">
			<subfield code="a">HIS000000</subfield>
			<subfield code="2">bisacsh</subfield>
		</datafield>
		<datafield tag="072" ind1=" " ind2="7">
			<subfield code="a">HIS014000</subfield>
			<subfield code="2">bisacsh</subfield>
		</datafield>
		<datafield tag="072" ind1=" " ind2="7">
			<subfield code="a">HIS037070</subfield>
			<subfield code="2">bisacsh</subfield>
		</datafield>
		<datafield tag="245" ind1="0" ind2="0">
			<subfield code="a">Bayern in der NS-Zeit :</subfield>
			<subfield code="b">Studien und Dokumentationen. </subfield>
			<subfield code="n">BAND II, </subfield>
			<subfield code="p">Herrschaft und Gesellschaft im Konflikt ; Teil A /</subfield>
			<subfield code="c">Martin Broszat, Elke Fröhlich-Broszat.</subfield>
		</datafield>
		<datafield tag="264" ind1=" " ind2="1">
			<subfield code="a">Berlin ;Boston : </subfield>
			<subfield code="b">Oldenbourg Wissenschaftsverlag, </subfield>
			<subfield code="c">[2018]</subfield>
		</datafield>
		<datafield tag="264" ind1=" " ind2="4">
			<subfield code="c">©1979</subfield>
		</datafield>
		<datafield tag="300" ind1=" " ind2=" ">
			<subfield code="a">1 online resource (542 p.)</subfield>
		</datafield>
		<datafield tag="336" ind1=" " ind2=" ">
			<subfield code="a">text</subfield>
			<subfield code="b">txt</subfield>
			<subfield code="2">rdacontent</subfield>
		</datafield>
		<datafield tag="337" ind1=" " ind2=" ">
			<subfield code="a">computer</subfield>
			<subfield code="b">c</subfield>
			<subfield code="2">rdamedia</subfield>
		</datafield>
		<datafield tag="338" ind1=" " ind2=" ">
			<subfield code="a">online resource</subfield>
			<subfield code="b">cr</subfield>
			<subfield code="2">rdacarrier</subfield>
		</datafield>
		<datafield tag="347" ind1=" " ind2=" ">
			<subfield code="a">text file</subfield>
			<subfield code="b">PDF</subfield>
			<subfield code="2">rda</subfield>
		</datafield>
		<datafield tag="490" ind1="0" ind2=" ">
			<subfield code="a">Bayern in der NS-Zeit ;</subfield>
			<subfield code="v">BAND II</subfield>
		</datafield>
		<datafield tag="505" ind1="0" ind2="0">
			<subfield code="t">Frontmatter -- </subfield>
			<subfield code="t">Inhaltsübersicht -- </subfield>
			<subfield code="t">Inhaltsverzeichnis -- </subfield>
			<subfield code="t">VORWORT -- </subfield>
			<subfield code="t">Nationalsozialistische Eroberung der Provinzzeitungen / </subfield>
			<subfield code="r">Frei, Norbert -- </subfield>
			<subfield code="t">Theater zwischen Anpassung und Widerstand / </subfield>
			<subfield code="r">Euler, Friederike -- </subfield>
			<subfield code="t">Verfolgung und Widerstand der Katholischen Jugendvereine / </subfield>
			<subfield code="r">Kleinöder, Evi -- </subfield>
			<subfield code="t">Die bayerische Industrie 1933–1939 / </subfield>
			<subfield code="r">Blaich, Fritz -- </subfield>
			<subfield code="t">Antisemitismus und Volksmeinung / </subfield>
			<subfield code="r">Kershaw, Ian -- </subfield>
			<subfield code="t">Das Konzentrationslager Dachau / </subfield>
			<subfield code="r">Kimmel, Günther -- </subfield>
			<subfield code="t">Die bayerische Justiz im politischen Machtkampf 1933/34 / </subfield>
			<subfield code="r">Gruchmann, Lothar -- </subfield>
			<subfield code="t">Das Konzentrationslager Flossenbürg / </subfield>
			<subfield code="r">Siegert, Toni -- </subfield>
			<subfield code="t">Anhang</subfield>
		</datafield>
		<datafield tag="520" ind1=" " ind2=" ">
			<subfield code="a">Was bedeutete NS-Herrschaft für Provinzzeitungen in der Bayerischen Ostmark, für die Münchener Kammerspiele, für katholische Jugendorganisationen in Eichstätt oder für die bayerische Industriewirtschaft? Wie verhielten sich Verleger, Künstler, Jugendliche und Unternehmer bei der Verteidigung ihres beruflichen Ansehens, ihrer Interessen oder Überzeugungen? Mit der realistischen Darstellung dieser ausgewählten Konfliktfelder der NS-Zeit, eingebettet zwischen Anpassung und Widerstand, eröffnet der Band eine Serie von repräsentativen Untersuchungen der politischen Alltagswirklichkeit des Dritten Reiches. Gleichgewichtig neben ihnen stehen Beiträge zur Extremsituation der Verfolgung von politischen Gegnern und „Asozialen“ in den bayerischen KZ-Lagern Dachau und Flossenbürg sowie eine exakte Bestandsaufnahme des Verhaltens der bayerischen Bevölkerung angesichts der Judenverfolgung in Stadt und Land. Diese „Geschichte von unten“ macht deutlich: Das NS-Regime ließ keineswegs nur die Wahl zwischen totaler Unterwerfung und alles aufopferndem Märtyrertum, sondern es bot durchaus auch die Möglichkeit, in zumutbarer Weise wirksamen Widerstand zu leisten.</subfield>
		</datafield>
		<datafield tag="538" ind1=" " ind2=" ">
			<subfield code="a">Mode of access: Internet via World Wide Web.</subfield>
		</datafield>
		<datafield tag="546" ind1=" " ind2=" ">
			<subfield code="a">In German.</subfield>
		</datafield>
		<datafield tag="588" ind1="0" ind2=" ">
			<subfield code="a">Description based on online resource; title from PDF title page (publisher's Web site, viewed 27. Mrz 2018)</subfield>
		</datafield>
		<datafield tag="700" ind1="1" ind2=" ">
			<subfield code="a">Broszat, Martin, </subfield>
			<subfield code="e">editor.</subfield>
		</datafield>
		<datafield tag="700" ind1="1" ind2=" ">
			<subfield code="a">Fröhlich-Broszat, Elke, </subfield>
			<subfield code="e">editor.</subfield>
		</datafield>
		<datafield tag="776" ind1="0" ind2=" ">
			<subfield code="c">print</subfield>
			<subfield code="z">9783486493719</subfield>
		</datafield>
		<datafield tag="856" ind1="4" ind2="0">
			<subfield code="u">https://doi.org/10.1515/9783486709049</subfield>
		</datafield>
		<datafield tag="856" ind1="4" ind2="2">
			<subfield code="3">Cover</subfield>
			<subfield code="u">https://www.degruyter.com/doc/cover/9783486709049.jpg</subfield>
		</datafield>
		<datafield tag="912" ind1=" " ind2=" ">
			<subfield code="a">GBV-deGruyter-alles</subfield>
		</datafield>
		<datafield tag="912" ind1=" " ind2=" ">
			<subfield code="a">GBV-deGruyter-PDA11SSHE</subfield>
		</datafield>
		<datafield tag="912" ind1=" " ind2=" ">
			<subfield code="a">GBV-deGruyter-PDA14ALL</subfield>
		</datafield>
		<datafield tag="912" ind1=" " ind2=" ">
			<subfield code="a">GBV-deGruyter-PDA16SSH</subfield>
		</datafield>
		<datafield tag="912" ind1=" " ind2=" ">
			<subfield code="a">GBV-deGruyter-PDA1ALL</subfield>
		</datafield>
		<datafield tag="912" ind1=" " ind2=" ">
			<subfield code="a">GBV-deGruyter-PDA2HUM</subfield>
		</datafield>
		<datafield tag="912" ind1=" " ind2=" ">
			<subfield code="a">GBV-deGruyter-PDA5EBK</subfield>
		</datafield>
	</record>