
	<record xmlns="http://www.loc.gov/MARC21/slim">
		<leader>03145nam a22005655i 4500</leader>
		<controlfield tag="001">9783486781960</controlfield>
		<controlfield tag="003">DE-B1597</controlfield>
		<controlfield tag="005">20180327123002.0</controlfield>
		<controlfield tag="006">m|||||o||d||||||||</controlfield>
		<controlfield tag="007">cr || ||||||||</controlfield>
		<controlfield tag="008">180327s2018    gw     fo  d z      ger d</controlfield>
		<datafield tag="020" ind1=" " ind2=" ">
			<subfield code="a">9783486781960</subfield>
		</datafield>
		<datafield tag="024" ind1="7" ind2=" ">
			<subfield code="a">10.1515/9783486781960</subfield>
			<subfield code="2">doi</subfield>
		</datafield>
		<datafield tag="035" ind1=" " ind2=" ">
			<subfield code="a">(DE-B1597)242223</subfield>
		</datafield>
		<datafield tag="040" ind1=" " ind2=" ">
			<subfield code="a">DE-B1597</subfield>
			<subfield code="b">eng</subfield>
			<subfield code="c">DE-B1597</subfield>
			<subfield code="e">rda</subfield>
		</datafield>
		<datafield tag="041" ind1="0" ind2=" ">
			<subfield code="a">ger</subfield>
		</datafield>
		<datafield tag="044" ind1=" " ind2=" ">
			<subfield code="a">gw</subfield>
			<subfield code="c">DE</subfield>
		</datafield>
		<datafield tag="072" ind1=" " ind2="7">
			<subfield code="a">POL000000</subfield>
			<subfield code="2">bisacsh</subfield>
		</datafield>
		<datafield tag="100" ind1="1" ind2=" ">
			<subfield code="a">Naßmacher, Hiltrud,</subfield>
			<subfield code="e">author.</subfield>
		</datafield>
		<datafield tag="245" ind1="1" ind2="0">
			<subfield code="a">Politikwissenschaft /</subfield>
			<subfield code="c">Hiltrud Naßmacher.</subfield>
		</datafield>
		<datafield tag="250" ind1=" " ind2=" ">
			<subfield code="a">5., bearb. und erw. Auflage. Reprint 2018</subfield>
		</datafield>
		<datafield tag="264" ind1=" " ind2="1">
			<subfield code="a">Berlin ;Boston : </subfield>
			<subfield code="b">Oldenbourg Wissenschaftsverlag, </subfield>
			<subfield code="c">[2018]</subfield>
		</datafield>
		<datafield tag="264" ind1=" " ind2="4">
			<subfield code="c">©2004</subfield>
		</datafield>
		<datafield tag="300" ind1=" " ind2=" ">
			<subfield code="a">1 online resource (540 p.)</subfield>
		</datafield>
		<datafield tag="336" ind1=" " ind2=" ">
			<subfield code="a">text</subfield>
			<subfield code="b">txt</subfield>
			<subfield code="2">rdacontent</subfield>
		</datafield>
		<datafield tag="337" ind1=" " ind2=" ">
			<subfield code="a">computer</subfield>
			<subfield code="b">c</subfield>
			<subfield code="2">rdamedia</subfield>
		</datafield>
		<datafield tag="338" ind1=" " ind2=" ">
			<subfield code="a">online resource</subfield>
			<subfield code="b">cr</subfield>
			<subfield code="2">rdacarrier</subfield>
		</datafield>
		<datafield tag="347" ind1=" " ind2=" ">
			<subfield code="a">text file</subfield>
			<subfield code="b">PDF</subfield>
			<subfield code="2">rda</subfield>
		</datafield>
		<datafield tag="505" ind1="0" ind2="0">
			<subfield code="t">Frontmatter -- </subfield>
			<subfield code="t">Inhaltsverzeichnis -- </subfield>
			<subfield code="t">Kapitel I: Grundlagen -- </subfield>
			<subfield code="t">Erster Teil: Politische Soziologie -- </subfield>
			<subfield code="t">Kapitel II: Partizipation als Bürgerrecht -- </subfield>
			<subfield code="t">Kapitel III: Mediatisierte Bürger -- </subfield>
			<subfield code="t">Kapitel IV: Institutionen der Interessenvermittlung -- </subfield>
			<subfield code="t">Kapitel V: Muster demokratischer Entscheidungen -- </subfield>
			<subfield code="t">Kapitel VI: Politikfelder und Entscheidungsmuster -- </subfield>
			<subfield code="t">Zweiter Teil: Politische Systeme -- </subfield>
			<subfield code="t">Kapitel VII: Typen politischer Systeme -- </subfield>
			<subfield code="t">Kapitel VIII: Demokratie als Institutionengefüge -- </subfield>
			<subfield code="t">Kapitel IX: Westliche Demokratie in Deutschland -- </subfield>
			<subfield code="t">Kapitel X: Politische Systeme der Entwicklungsländer -- </subfield>
			<subfield code="t">Kapitel XI: Wege zur Demokratie -- </subfield>
			<subfield code="t">Dritter Teil: Politische Ideengeschichte -- </subfield>
			<subfield code="t">Kapitel XII: Dimensionen der politischen Ideengeschichte -- </subfield>
			<subfield code="t">Kapitel XIII: Staatsformen und Verfassung -- </subfield>
			<subfield code="t">Kapitel XIV: Staatsziele und Gewaltenteilung -- </subfield>
			<subfield code="t">Kapitel XV: Bundesstaat und Demokratie -- </subfield>
			<subfield code="t">Vierter Teil: Internationale Beziehungen -- </subfield>
			<subfield code="t">Kapitel XVI: Dimensionen internationaler Beziehungen -- </subfield>
			<subfield code="t">Kapitel XVII: Wertkonflikte -- </subfield>
			<subfield code="t">Kapitel XVIII: Verteilungskonflikte -- </subfield>
			<subfield code="t">Kapitel XIX: Internationale Organisationen und Regime -- </subfield>
			<subfield code="t">Fünfter Teil: Entwicklung der Politikwissenschaft -- </subfield>
			<subfield code="t">Kapitel XX: Politik als Gegenstand einer Wissenschaft -- </subfield>
			<subfield code="t">Sachregister</subfield>
		</datafield>
		<datafield tag="538" ind1=" " ind2=" ">
			<subfield code="a">Mode of access: Internet via World Wide Web.</subfield>
		</datafield>
		<datafield tag="546" ind1=" " ind2=" ">
			<subfield code="a">In German.</subfield>
		</datafield>
		<datafield tag="588" ind1="0" ind2=" ">
			<subfield code="a">Description based on online resource; title from PDF title page (publisher's Web site, viewed 27. Mrz 2018)</subfield>
		</datafield>
		<datafield tag="650" ind1=" " ind2="4">
			<subfield code="a">internationale Beziehungen.</subfield>
		</datafield>
		<datafield tag="650" ind1=" " ind2="4">
			<subfield code="a">politische Ideengeschichte.</subfield>
		</datafield>
		<datafield tag="650" ind1=" " ind2="4">
			<subfield code="a">Politische Soziologie.</subfield>
		</datafield>
		<datafield tag="650" ind1=" " ind2="4">
			<subfield code="a">politische Systeme.</subfield>
		</datafield>
		<datafield tag="650" ind1=" " ind2="4">
			<subfield code="a">Politische Wissenschaft.</subfield>
		</datafield>
		<datafield tag="776" ind1="0" ind2=" ">
			<subfield code="c">print</subfield>
			<subfield code="z">9783486200379</subfield>
		</datafield>
		<datafield tag="856" ind1="4" ind2="0">
			<subfield code="u">https://doi.org/10.1515/9783486781960</subfield>
		</datafield>
		<datafield tag="856" ind1="4" ind2="2">
			<subfield code="3">Cover</subfield>
			<subfield code="u">https://www.degruyter.com/doc/cover/9783486781960.jpg</subfield>
		</datafield>
		<datafield tag="912" ind1=" " ind2=" ">
			<subfield code="a">GBV-deGruyter-alles</subfield>
		</datafield>
		<datafield tag="912" ind1=" " ind2=" ">
			<subfield code="a">GBV-deGruyter-PDA11SSHE</subfield>
		</datafield>
		<datafield tag="912" ind1=" " ind2=" ">
			<subfield code="a">GBV-deGruyter-PDA12STME</subfield>
		</datafield>
		<datafield tag="912" ind1=" " ind2=" ">
			<subfield code="a">GBV-deGruyter-PDA14ALL</subfield>
		</datafield>
		<datafield tag="912" ind1=" " ind2=" ">
			<subfield code="a">GBV-deGruyter-PDA15STM</subfield>
		</datafield>
		<datafield tag="912" ind1=" " ind2=" ">
			<subfield code="a">GBV-deGruyter-PDA16SSH</subfield>
		</datafield>
		<datafield tag="912" ind1=" " ind2=" ">
			<subfield code="a">GBV-deGruyter-PDA1ALL</subfield>
		</datafield>
		<datafield tag="912" ind1=" " ind2=" ">
			<subfield code="a">GBV-deGruyter-PDA2HUM</subfield>
		</datafield>
		<datafield tag="912" ind1=" " ind2=" ">
			<subfield code="a">GBV-deGruyter-PDA3STM</subfield>
		</datafield>
		<datafield tag="912" ind1=" " ind2=" ">
			<subfield code="a">GBV-deGruyter-PDA5EBK</subfield>
		</datafield>
	</record>