
	<record xmlns="http://www.loc.gov/MARC21/slim">
		<leader>03462nam a22005655i 4500</leader>
		<controlfield tag="001">9783486788761</controlfield>
		<controlfield tag="003">DE-B1597</controlfield>
		<controlfield tag="005">20180327123002.0</controlfield>
		<controlfield tag="006">m|||||o||d||||||||</controlfield>
		<controlfield tag="007">cr || ||||||||</controlfield>
		<controlfield tag="008">180327s2018    gw     fo  d z      ger d</controlfield>
		<datafield tag="020" ind1=" " ind2=" ">
			<subfield code="a">9783486788761</subfield>
		</datafield>
		<datafield tag="024" ind1="7" ind2=" ">
			<subfield code="a">10.1515/9783486788761</subfield>
			<subfield code="2">doi</subfield>
		</datafield>
		<datafield tag="035" ind1=" " ind2=" ">
			<subfield code="a">(DE-B1597)235756</subfield>
		</datafield>
		<datafield tag="040" ind1=" " ind2=" ">
			<subfield code="a">DE-B1597</subfield>
			<subfield code="b">eng</subfield>
			<subfield code="c">DE-B1597</subfield>
			<subfield code="e">rda</subfield>
		</datafield>
		<datafield tag="041" ind1="0" ind2=" ">
			<subfield code="a">ger</subfield>
		</datafield>
		<datafield tag="044" ind1=" " ind2=" ">
			<subfield code="a">gw</subfield>
			<subfield code="c">DE</subfield>
		</datafield>
		<datafield tag="072" ind1=" " ind2="7">
			<subfield code="a">BUS000000</subfield>
			<subfield code="2">bisacsh</subfield>
		</datafield>
		<datafield tag="072" ind1=" " ind2="7">
			<subfield code="a">BUS025000</subfield>
			<subfield code="2">bisacsh</subfield>
		</datafield>
		<datafield tag="100" ind1="1" ind2=" ">
			<subfield code="a">Hanssmann, Friedrich,</subfield>
			<subfield code="e">author.</subfield>
		</datafield>
		<datafield tag="245" ind1="1" ind2="0">
			<subfield code="a">Quantitative Betriebswirtschaftslehre :</subfield>
			<subfield code="b">Lehrbuch der modellgestützten Unternehmensplanung /</subfield>
			<subfield code="c">Friedrich Hanssmann.</subfield>
		</datafield>
		<datafield tag="250" ind1=" " ind2=" ">
			<subfield code="a">4.,unwesentlich veränderte Auflage. Reprint 2017</subfield>
		</datafield>
		<datafield tag="264" ind1=" " ind2="1">
			<subfield code="a">Berlin ;Boston : </subfield>
			<subfield code="b">Oldenbourg Wissenschaftsverlag, </subfield>
			<subfield code="c">[2018]</subfield>
		</datafield>
		<datafield tag="264" ind1=" " ind2="4">
			<subfield code="c">©1995</subfield>
		</datafield>
		<datafield tag="300" ind1=" " ind2=" ">
			<subfield code="a">1 online resource (507 p.):</subfield>
			<subfield code="b">Zahlr. Abb.</subfield>
		</datafield>
		<datafield tag="336" ind1=" " ind2=" ">
			<subfield code="a">text</subfield>
			<subfield code="b">txt</subfield>
			<subfield code="2">rdacontent</subfield>
		</datafield>
		<datafield tag="337" ind1=" " ind2=" ">
			<subfield code="a">computer</subfield>
			<subfield code="b">c</subfield>
			<subfield code="2">rdamedia</subfield>
		</datafield>
		<datafield tag="338" ind1=" " ind2=" ">
			<subfield code="a">online resource</subfield>
			<subfield code="b">cr</subfield>
			<subfield code="2">rdacarrier</subfield>
		</datafield>
		<datafield tag="347" ind1=" " ind2=" ">
			<subfield code="a">text file</subfield>
			<subfield code="b">PDF</subfield>
			<subfield code="2">rda</subfield>
		</datafield>
		<datafield tag="490" ind1="0" ind2=" ">
			<subfield code="a">Oldenbourgs Lehr- und Handbücher der Wirtschafts- u. Sozialwissenschaften</subfield>
		</datafield>
		<datafield tag="505" ind1="0" ind2="0">
			<subfield code="t">Frontmatter -- </subfield>
			<subfield code="t">Inhaltsverzeichnis -- </subfield>
			<subfield code="t">Vorwort -- </subfield>
			<subfield code="t">Vorwort zur 3. Auflage -- </subfield>
			<subfield code="t">Verzeichnis der Kurzfallstudien -- </subfield>
			<subfield code="t">Verzeichnis der Praktika -- </subfield>
			<subfield code="t">Operativer Teil -- </subfield>
			<subfield code="t">Abschnitt I: Einleitung -- </subfield>
			<subfield code="t">Abschnitt II: Produktionsplanung bei festen Kapazitäten -- </subfield>
			<subfield code="t">Abschnitt III: Neuplanung der Produktionskapazitäten -- </subfield>
			<subfield code="t">Abschnitt IV: Lagerhaltung -- </subfield>
			<subfield code="t">Abschnitt V: Distribution -- </subfield>
			<subfield code="t">Abschnitt VI: Absatz -- </subfield>
			<subfield code="t">Abschnitt VII: Investition -- </subfield>
			<subfield code="t">Abschnitt VIII: Finanzierung -- </subfield>
			<subfield code="t">Strategischer Teil -- </subfield>
			<subfield code="t">Abschnitt I: Strategisches Management: Begriff und Prozeß -- </subfield>
			<subfield code="t">Abschnitt II: Planungsmethodik -- </subfield>
			<subfield code="t">Abschnitt III: Unternehmensstrategie -- </subfield>
			<subfield code="t">Abschnitt IV: Geschäftsfeldstrategie -- </subfield>
			<subfield code="t">Abschnitt V: Funktionale Strategien -- </subfield>
			<subfield code="t">ANHANG: Fallstudien zur strategischen Planung -- </subfield>
			<subfield code="t">Literaturverzeichnis -- </subfield>
			<subfield code="t">Sachverzeichnis</subfield>
		</datafield>
		<datafield tag="520" ind1=" " ind2=" ">
			<subfield code="a">Quantitative Entscheidungsmodelle sind ihrem Wesen nach prädestiniert, vor allem die betriebswirtschaftlich Planung zu unterstützen. Denn Planung ist letztlich eine Summe von Entscheidungen. Daher befaßt sich das Buch schwerpunktmäßig mit operativer und strategischer Unternehmensplanung. Aus dem Inhalt: Operativer Teil: Einleitung, Produktionsplanung bei festen Kapazitäten, Neuplanung der Produktionskapazitäten, Lagerhaltung, Distribution, Absatz, Investition, Finanzierung. Strategischer Teil: Strategisches Management: Begriff und Prozeß, Planungsmethodik, Unternehmensstrategie, Geschäftsfeldstrategie, Funktionale Strategien, Fallstudien. </subfield>
		</datafield>
		<datafield tag="538" ind1=" " ind2=" ">
			<subfield code="a">Mode of access: Internet via World Wide Web.</subfield>
		</datafield>
		<datafield tag="546" ind1=" " ind2=" ">
			<subfield code="a">In German.</subfield>
		</datafield>
		<datafield tag="588" ind1="0" ind2=" ">
			<subfield code="a">Description based on online resource; title from PDF title page (publisher's Web site, viewed 27. Mrz 2018)</subfield>
		</datafield>
		<datafield tag="650" ind1=" " ind2="4">
			<subfield code="a">Betriebswitschaftslehre.</subfield>
		</datafield>
		<datafield tag="650" ind1=" " ind2="4">
			<subfield code="a">Unternehmensplanung.</subfield>
		</datafield>
		<datafield tag="776" ind1="0" ind2=" ">
			<subfield code="c">print</subfield>
			<subfield code="z">9783486233742</subfield>
		</datafield>
		<datafield tag="856" ind1="4" ind2="0">
			<subfield code="u">https://doi.org/10.1515/9783486788761</subfield>
		</datafield>
		<datafield tag="856" ind1="4" ind2="2">
			<subfield code="3">Cover</subfield>
			<subfield code="u">https://www.degruyter.com/doc/cover/9783486788761.jpg</subfield>
		</datafield>
		<datafield tag="912" ind1=" " ind2=" ">
			<subfield code="a">GBV-deGruyter-alles</subfield>
		</datafield>
		<datafield tag="912" ind1=" " ind2=" ">
			<subfield code="a">GBV-deGruyter-PDA11SSHE</subfield>
		</datafield>
		<datafield tag="912" ind1=" " ind2=" ">
			<subfield code="a">GBV-deGruyter-PDA12STME</subfield>
		</datafield>
		<datafield tag="912" ind1=" " ind2=" ">
			<subfield code="a">GBV-deGruyter-PDA14ALL</subfield>
		</datafield>
		<datafield tag="912" ind1=" " ind2=" ">
			<subfield code="a">GBV-deGruyter-PDA15STM</subfield>
		</datafield>
		<datafield tag="912" ind1=" " ind2=" ">
			<subfield code="a">GBV-deGruyter-PDA16SSH</subfield>
		</datafield>
		<datafield tag="912" ind1=" " ind2=" ">
			<subfield code="a">GBV-deGruyter-PDA1ALL</subfield>
		</datafield>
		<datafield tag="912" ind1=" " ind2=" ">
			<subfield code="a">GBV-deGruyter-PDA2HUM</subfield>
		</datafield>
		<datafield tag="912" ind1=" " ind2=" ">
			<subfield code="a">GBV-deGruyter-PDA3STM</subfield>
		</datafield>
		<datafield tag="912" ind1=" " ind2=" ">
			<subfield code="a">GBV-deGruyter-PDA5EBK</subfield>
		</datafield>
	</record>