
	<record xmlns="http://www.loc.gov/MARC21/slim">
		<leader>03558nam a22005775i 4500</leader>
		<controlfield tag="001">9783486789706</controlfield>
		<controlfield tag="003">DE-B1597</controlfield>
		<controlfield tag="005">20180327123002.0</controlfield>
		<controlfield tag="006">m|||||o||d||||||||</controlfield>
		<controlfield tag="007">cr || ||||||||</controlfield>
		<controlfield tag="008">180327s2018    gw     fo  d z      ger d</controlfield>
		<datafield tag="020" ind1=" " ind2=" ">
			<subfield code="a">9783486789706</subfield>
		</datafield>
		<datafield tag="024" ind1="7" ind2=" ">
			<subfield code="a">10.1515/9783486789706</subfield>
			<subfield code="2">doi</subfield>
		</datafield>
		<datafield tag="035" ind1=" " ind2=" ">
			<subfield code="a">(DE-B1597)235041</subfield>
		</datafield>
		<datafield tag="040" ind1=" " ind2=" ">
			<subfield code="a">DE-B1597</subfield>
			<subfield code="b">eng</subfield>
			<subfield code="c">DE-B1597</subfield>
			<subfield code="e">rda</subfield>
		</datafield>
		<datafield tag="041" ind1="0" ind2=" ">
			<subfield code="a">ger</subfield>
		</datafield>
		<datafield tag="044" ind1=" " ind2=" ">
			<subfield code="a">gw</subfield>
			<subfield code="c">DE</subfield>
		</datafield>
		<datafield tag="072" ind1=" " ind2="7">
			<subfield code="a">POL000000</subfield>
			<subfield code="2">bisacsh</subfield>
		</datafield>
		<datafield tag="245" ind1="0" ind2="0">
			<subfield code="a">Politik in Ostdeutschland :</subfield>
			<subfield code="b">Lehrbuch zur Transformation und Innovation /</subfield>
			<subfield code="c">Alexander Thumfart, Arno Waschkuhn.</subfield>
		</datafield>
		<datafield tag="250" ind1=" " ind2=" ">
			<subfield code="a">Reprint 2017</subfield>
		</datafield>
		<datafield tag="264" ind1=" " ind2="1">
			<subfield code="a">Berlin ;Boston : </subfield>
			<subfield code="b">Oldenbourg Wissenschaftsverlag, </subfield>
			<subfield code="c">[2018]</subfield>
		</datafield>
		<datafield tag="264" ind1=" " ind2="4">
			<subfield code="c">©1999</subfield>
		</datafield>
		<datafield tag="300" ind1=" " ind2=" ">
			<subfield code="a">1 online resource </subfield>
		</datafield>
		<datafield tag="336" ind1=" " ind2=" ">
			<subfield code="a">text</subfield>
			<subfield code="b">txt</subfield>
			<subfield code="2">rdacontent</subfield>
		</datafield>
		<datafield tag="337" ind1=" " ind2=" ">
			<subfield code="a">computer</subfield>
			<subfield code="b">c</subfield>
			<subfield code="2">rdamedia</subfield>
		</datafield>
		<datafield tag="338" ind1=" " ind2=" ">
			<subfield code="a">online resource</subfield>
			<subfield code="b">cr</subfield>
			<subfield code="2">rdacarrier</subfield>
		</datafield>
		<datafield tag="347" ind1=" " ind2=" ">
			<subfield code="a">text file</subfield>
			<subfield code="b">PDF</subfield>
			<subfield code="2">rda</subfield>
		</datafield>
		<datafield tag="490" ind1="0" ind2=" ">
			<subfield code="a">Lehr- und Handbücher der Politikwissenschaft</subfield>
		</datafield>
		<datafield tag="505" ind1="0" ind2="0">
			<subfield code="t">Frontmatter -- </subfield>
			<subfield code="t">Inhaltsverzeichnis -- </subfield>
			<subfield code="t">Projekt „Politik in Ostdeutschland“: Einleitung / </subfield>
			<subfield code="r">Waschkuhn, Arno / Thumfart, Alexander -- </subfield>
			<subfield code="t">I. TEIL ALLGEMEINER PROBLEMÜBERBLICK, POLITIKTHEORETISCHE UND WISSENSSOZIOLOGISCHE ASPEKTE -- </subfield>
			<subfield code="t">Politik in Ostdeutschland – Politische Konfliktlinien, institutionelle Fragen und demokratisches Profil -- </subfield>
			<subfield code="t">Westliche Perzeptionsmuster, das Fremde und der Wandel in den neuen Bundesländern / </subfield>
			<subfield code="r">Thumfart, Alexander -- </subfield>
			<subfield code="t">II. TEIL AUSGEWÄHLTE SCHWERPUNKTBEREICHE / POLITIKFELDER -- </subfield>
			<subfield code="t">Ostdeutsche Wirtschaft: Kein Grund zur Resignation / </subfield>
			<subfield code="r">Pohl, Rüdiger / Ragnitz, Joachim -- </subfield>
			<subfield code="t">Systemwechsel und Transformationsprozeß in Ostdeutschland: Erfahrungen und Neuorientierung der Förderpolitik / </subfield>
			<subfield code="r">Riedel, Jürgen -- </subfield>
			<subfield code="t">Umwelt- und Energiepolitik: Alte und neue Lasten, aber auch Erfolge / </subfield>
			<subfield code="r">Strübel, Michael -- </subfield>
			<subfield code="t">Die Bedeutung der Neuen Sozialen Bewegungen in Ostdeutschland / </subfield>
			<subfield code="r">Badelt, Joachim -- </subfield>
			<subfield code="t">Register</subfield>
		</datafield>
		<datafield tag="520" ind1=" " ind2=" ">
			<subfield code="a">Endlich ein Lehrbuch, das die unterschiedlichen Etappen des Prozesses der deutschen Vereinigung mit seinen wiederholten Modifikationen und Richtungsänderungen sowie den politisch-ökonomischen Transformationen verständlich und zusammenfassend darstellt. Durch diese typisierende Zusammenfassung wird sowohl ein Überblick über die Entwicklung des Vereinigungsprozesses gegeben, als auch die Kontexte derselben aufbereitet. Zugleich nehmen die Autoren dieses ausgezeichneten Lehrbuchs innovativ und methodenpluralistisch die aktuellen und unterschiedlichen Diskussionsstränge auf, um sie zum Teil fortzuschreiben, vor allem aber kritisch zu betrachten und interdisziplinär weiterzutreiben. </subfield>
		</datafield>
		<datafield tag="538" ind1=" " ind2=" ">
			<subfield code="a">Mode of access: Internet via World Wide Web.</subfield>
		</datafield>
		<datafield tag="546" ind1=" " ind2=" ">
			<subfield code="a">In German.</subfield>
		</datafield>
		<datafield tag="588" ind1="0" ind2=" ">
			<subfield code="a">Description based on online resource; title from PDF title page (publisher's Web site, viewed 27. Mrz 2018)</subfield>
		</datafield>
		<datafield tag="650" ind1=" " ind2="4">
			<subfield code="a">Marktwirtschaft.</subfield>
		</datafield>
		<datafield tag="650" ind1=" " ind2="4">
			<subfield code="a">Planwirtschaft.</subfield>
		</datafield>
		<datafield tag="650" ind1=" " ind2="4">
			<subfield code="a">Politischer Wandel.</subfield>
		</datafield>
		<datafield tag="700" ind1="1" ind2=" ">
			<subfield code="a">Thumfart, Alexander, </subfield>
			<subfield code="e">editor.</subfield>
		</datafield>
		<datafield tag="700" ind1="1" ind2=" ">
			<subfield code="a">Waschkuhn, Arno, </subfield>
			<subfield code="e">editor.</subfield>
		</datafield>
		<datafield tag="776" ind1="0" ind2=" ">
			<subfield code="c">print</subfield>
			<subfield code="z">9783486235609</subfield>
		</datafield>
		<datafield tag="856" ind1="4" ind2="0">
			<subfield code="u">https://doi.org/10.1515/9783486789706</subfield>
		</datafield>
		<datafield tag="856" ind1="4" ind2="2">
			<subfield code="3">Cover</subfield>
			<subfield code="u">https://www.degruyter.com/doc/cover/9783486789706.jpg</subfield>
		</datafield>
		<datafield tag="912" ind1=" " ind2=" ">
			<subfield code="a">GBV-deGruyter-alles</subfield>
		</datafield>
		<datafield tag="912" ind1=" " ind2=" ">
			<subfield code="a">GBV-deGruyter-PDA11SSHE</subfield>
		</datafield>
		<datafield tag="912" ind1=" " ind2=" ">
			<subfield code="a">GBV-deGruyter-PDA12STME</subfield>
		</datafield>
		<datafield tag="912" ind1=" " ind2=" ">
			<subfield code="a">GBV-deGruyter-PDA14ALL</subfield>
		</datafield>
		<datafield tag="912" ind1=" " ind2=" ">
			<subfield code="a">GBV-deGruyter-PDA15STM</subfield>
		</datafield>
		<datafield tag="912" ind1=" " ind2=" ">
			<subfield code="a">GBV-deGruyter-PDA16SSH</subfield>
		</datafield>
		<datafield tag="912" ind1=" " ind2=" ">
			<subfield code="a">GBV-deGruyter-PDA1ALL</subfield>
		</datafield>
		<datafield tag="912" ind1=" " ind2=" ">
			<subfield code="a">GBV-deGruyter-PDA2HUM</subfield>
		</datafield>
		<datafield tag="912" ind1=" " ind2=" ">
			<subfield code="a">GBV-deGruyter-PDA3STM</subfield>
		</datafield>
		<datafield tag="912" ind1=" " ind2=" ">
			<subfield code="a">GBV-deGruyter-PDA5EBK</subfield>
		</datafield>
	</record>
</collection>
